<?xml version="1.0" encoding="UTF-8"?>
<!DOCTYPE html PUBLIC "-//W3C//DTD XHTML 1.0 Transitional//EN"
    "http://www.w3.org/TR/xhtml1/DTD/xhtml1-transitional.dtd">
<html xmlns="http://www.w3.org/1999/xhtml" xml:lang="en" lang="en">
 <head>
  <title>
</title>
<meta http-equiv="Content-Type" content="text/html;charset=utf-8" />
  <meta name='ocr-system' content='tesseract 3.04.00' />
  <meta name='ocr-capabilities' content='ocr_page ocr_carea ocr_par ocr_line ocrx_word'/>
</head>
<body>
  <div class='ocr_page' id='page_1' title='image "./povidiinasoniso01heingoog_0291.png"; bbox 0 0 2367 3942; ppageno 0'>
   <div class='ocr_carea' id='block_1_1' title="bbox 311 377 956 469">
    <p class='ocr_par' dir='ltr' id='par_1_1' title="bbox 311 377 956 469">
     <span class='ocr_line' id='line_1_1' title="bbox 311 377 956 469; baseline 0 -19"><span class='ocrx_word' id='word_1_1' title='bbox 311 395 388 469; x_wconf 88' lang='lat'>290</span> <span class='ocrx_word' id='word_1_2' title='bbox 436 377 480 446; x_wconf 85' lang='lat' dir='ltr'>P.</span> <span class='ocrx_word' id='word_1_3' title='bbox 506 377 701 447; x_wconf 78' lang='lat'><em>0711211</em></span> <span class='ocrx_word' id='word_1_4' title='bbox 728 377 956 450; x_wconf 72' lang='lat' dir='ltr'>Nasours</span> 
     </span>
    </p>
   </div>
   <div class='ocr_carea' id='block_1_2' title="bbox 185 495 1073 3131">
    <p class='ocr_par' dir='ltr' id='par_1_2' title="bbox 185 495 1073 3131">
     <span class='ocr_line' id='line_1_2' title="bbox 310 495 992 561; baseline 0.009 -13"><span class='ocrx_word' id='word_1_5' title='bbox 310 499 385 548; x_wconf 82' lang='lat' dir='ltr'>Nulla</span> <span class='ocrx_word' id='word_1_6' title='bbox 399 507 481 547; x_wconf 72' lang='lat' dir='ltr'>nmen</span> <span class='ocrx_word' id='word_1_7' title='bbox 495 496 598 548; x_wconf 85' lang='lat' dir='ltr'>subeunt</span> <span class='ocrx_word' id='word_1_8' title='bbox 613 495 671 546; x_wconf 81' lang='lat' dir='ltr'>milti</span> <span class='ocrx_word' id='word_1_9' title='bbox 684 510 796 561; x_wconf 83' lang='lat' dir='ltr'>tempora</span> <span class='ocrx_word' id='word_1_10' title='bbox 813 497 911 550; x_wconf 80' lang='lat' dir='ltr'>densiis</span> <span class='ocrx_word' id='word_1_11' title='bbox 924 500 992 561; x_wconf 85' lang='lat' dir='ltr'>illis,</span> 
     </span>
     <span class='ocr_line' id='line_1_3' title="bbox 347 569 856 634; baseline 0.002 -15"><span class='ocrx_word' id='word_1_12' title='bbox 347 570 410 634; x_wconf 72' lang='lat' dir='ltr'>Qua</span> <span class='ocrx_word' id='word_1_13' title='bbox 423 572 514 620; x_wconf 82' lang='lat' dir='ltr'>vellem</span> <span class='ocrx_word' id='word_1_14' title='bbox 527 572 587 620; x_wconf 77' lang='lat' dir='ltr'>ritae</span> <span class='ocrx_word' id='word_1_15' title='bbox 602 570 689 620; x_wconf 77' lang='lat' dir='ltr'>summa</span> <span class='ocrx_word' id='word_1_16' title='bbox 702 569 769 618; x_wconf 83' lang='lat' dir='ltr'>fuisse</span> <span class='ocrx_word' id='word_1_17' title='bbox 786 585 856 620; x_wconf 78' lang='lat' dir='ltr'>meae.</span> 
     </span>
     <span class='ocr_line' id='line_1_4' title="bbox 309 641 911 711; baseline 0.003 -17"><span class='ocrx_word' id='word_1_18' title='bbox 309 641 372 694; x_wconf 76' lang='lat' dir='ltr'>clm</span> <span class='ocrx_word' id='word_1_19' title='bbox 389 644 474 698; x_wconf 70' lang='lat' dir='ltr'>mma·</span> <span class='ocrx_word' id='word_1_20' title='bbox 488 645 582 711; x_wconf 75' lang='lat' dir='ltr'>ingenti</span> <span class='ocrx_word' id='word_1_21' title='bbox 600 641 678 693; x_wconf 81' lang='lat' dir='ltr'>subiti&gt;</span> <span class='ocrx_word' id='word_1_22' title='bbox 692 660 746 692; x_wconf 84' lang='lat' dir='ltr'>mea</span> <span class='ocrx_word' id='word_1_23' title='bbox 762 641 827 708; x_wconf 80' lang='lat' dir='ltr'>lapsa</span> <span class='ocrx_word' id='word_1_24' title='bbox 842 642 911 696; x_wconf 70' lang='lat' dir='ltr'>mini</span> 
     </span>
     <span class='ocr_line' id='line_1_5' title="bbox 345 715 921 786; baseline 0.002 -19"><span class='ocrx_word' id='word_1_25' title='bbox 345 717 479 776; x_wconf 86' lang='lat' dir='ltr'>Concidit,</span> <span class='ocrx_word' id='word_1_26' title='bbox 497 718 523 768; x_wconf 92' lang='lat' dir='ltr'>in</span> <span class='ocrx_word' id='word_1_27' title='bbox 539 717 629 767; x_wconf 85' lang='lat' dir='ltr'>domini</span> <span class='ocrx_word' id='word_1_28' title='bbox 644 715 822 784; x_wconf 83' lang='lat' dir='ltr'>procubuitque</span> <span class='ocrx_word' id='word_1_29' title='bbox 838 731 921 786; x_wconf 82' lang='lat' dir='ltr'>caput.</span> 
     </span>
     <span class='ocr_line' id='line_1_6' title="bbox 267 789 973 859; baseline 0 -15"><span class='ocrx_word' id='word_1_30' title='bbox 267 809 278 844; x_wconf 88' lang='lat'>1</span> <span class='ocrx_word' id='word_1_31' title='bbox 285 807 298 856; x_wconf 74' lang='grc' dir='ltr'><em>ς</em></span> <span class='ocrx_word' id='word_1_32' title='bbox 310 789 398 842; x_wconf 74' lang='lat' dir='ltr'>Adfuit</span> <span class='ocrx_word' id='word_1_33' title='bbox 411 791 454 840; x_wconf 86' lang='lat' dir='ltr'>ille</span> <span class='ocrx_word' id='word_1_34' title='bbox 469 790 548 849; x_wconf 86' lang='lat' dir='ltr'>mibi,</span> <span class='ocrx_word' id='word_1_35' title='bbox 563 789 617 841; x_wconf 80' lang='lat' dir='ltr'>esim</span> <span class='ocrx_word' id='word_1_36' title='bbox 632 807 686 857; x_wconf 84' lang='lat' dir='ltr'>pars</span> <span class='ocrx_word' id='word_1_37' title='bbox 703 807 742 838; x_wconf 85' lang='lat' dir='ltr'>me</span> <span class='ocrx_word' id='word_1_38' title='bbox 755 805 842 858; x_wconf 75' lang='lat' dir='ltr'>magua</span> <span class='ocrx_word' id='word_1_39' title='bbox 854 791 973 859; x_wconf 88' lang='lat' dir='ltr'>reliquit,</span> 
     </span>
     <span class='ocr_line' id='line_1_7' title="bbox 343 862 899 928; baseline 0.002 -13"><span class='ocrx_word' id='word_1_40' title='bbox 343 863 471 923; x_wconf 71' lang='lat' dir='ltr'>Maximes</span> <span class='ocrx_word' id='word_1_41' title='bbox 489 865 603 916; x_wconf 72' lang='lat' dir='ltr'>Fortuna</span> <span class='ocrx_word' id='word_1_42' title='bbox 618 880 665 913; x_wconf 83' lang='lat' dir='ltr'>nec</span> <span class='ocrx_word' id='word_1_43' title='bbox 678 863 725 912; x_wconf 81' lang='lat' dir='ltr'>luit</span> <span class='ocrx_word' id='word_1_44' title='bbox 739 862 789 928; x_wconf 80' lang='lat' dir='ltr'>ipse</span> <span class='ocrx_word' id='word_1_45' title='bbox 805 879 899 916; x_wconf 88' lang='lat' dir='ltr'>comes.</span> 
     </span>
     <span class='ocr_line' id='line_1_8' title="bbox 307 936 1005 1005; baseline -0.001 -16"><span class='ocrx_word' id='word_1_46' title='bbox 307 937 378 990; x_wconf 85' lang='lat' dir='ltr'>illurn</span> <span class='ocrx_word' id='word_1_47' title='bbox 392 954 441 1005; x_wconf 75' lang='lat' dir='ltr'>ego</span> <span class='ocrx_word' id='word_1_48' title='bbox 456 954 507 987; x_wconf 86' lang='lat' dir='ltr'>uon</span> <span class='ocrx_word' id='word_1_49' title='bbox 522 938 595 988; x_wconf 86' lang='lat' dir='ltr'>aliter</span> <span class='ocrx_word' id='word_1_50' title='bbox 610 937 708 986; x_wconf 83' lang='lat' dir='ltr'>dentem</span> <span class='ocrx_word' id='word_1_51' title='bbox 722 952 777 985; x_wconf 88' lang='lat' dir='ltr'>mea</span> <span class='ocrx_word' id='word_1_52' title='bbox 793 936 877 986; x_wconf 77' lang='lat' dir='ltr'>funeta</span> <span class='ocrx_word' id='word_1_53' title='bbox 891 938 963 998; x_wconf 84' lang='lat' dir='ltr'>vidi,</span> <span class='ocrx_word' id='word_1_54' title='bbox 1002 998 1005 1004; x_wconf 28' lang='grc'>1</span> 
     </span>
     <span class='ocr_line' id='line_1_9' title="bbox 343 1009 890 1078; baseline 0.002 -18"><span class='ocrx_word' id='word_1_55' title='bbox 343 1009 473 1061; x_wconf 83' lang='lat' dir='ltr'>Ponendus</span> <span class='ocrx_word' id='word_1_56' title='bbox 489 1014 560 1075; x_wconf 63' lang='lat' dir='ltr'>qum</span> <span class='ocrx_word' id='word_1_57' title='bbox 574 1011 596 1060; x_wconf 87' lang='lat' dir='ltr'>si</span> <span class='ocrx_word' id='word_1_58' title='bbox 612 1009 686 1060; x_wconf 81' lang='lat' dir='ltr'>frater</span> <span class='ocrx_word' id='word_1_59' title='bbox 700 1009 725 1066; x_wconf 80' lang='lat' dir='ltr'>in</span> <span class='ocrx_word' id='word_1_60' title='bbox 740 1009 797 1078; x_wconf 75' lang='lat' dir='ltr'>igne</span> <span class='ocrx_word' id='word_1_61' title='bbox 814 1009 890 1061; x_wconf 84' lang='lat' dir='ltr'>foret.</span> 
     </span>
     <span class='ocr_line' id='line_1_10' title="bbox 305 1081 979 1150; baseline 0.003 -16"><span class='ocrx_word' id='word_1_62' title='bbox 305 1083 384 1134; x_wconf 74' lang='lat' dir='ltr'>uasis</span> <span class='ocrx_word' id='word_1_63' title='bbox 400 1083 426 1134; x_wconf 92' lang='lat' dir='ltr'>in</span> <span class='ocrx_word' id='word_1_64' title='bbox 440 1083 571 1150; x_wconf 77' lang='lat' dir='ltr'>amplexu,</span> <span class='ocrx_word' id='word_1_65' title='bbox 590 1083 776 1148; x_wconf 78' lang='lat' dir='ltr'>consolatusque</span> <span class='ocrx_word' id='word_1_66' title='bbox 791 1081 913 1146; x_wconf 80' lang='lat' dir='ltr'>jacentem</span> <span class='ocrx_word' id='word_1_67' title='bbox 928 1084 979 1136; x_wconf 85' lang='lat' dir='ltr'>est:</span> 
     </span>
     <span class='ocr_line' id='line_1_11' title="bbox 261 1155 932 1224; baseline -0.001 -15"><span class='ocrx_word' id='word_1_68' title='bbox 261 1175 297 1211; x_wconf 82' lang='lat'>20</span> <span class='ocrx_word' id='word_1_69' title='bbox 345 1157 455 1224; x_wconf 72' lang='lat' dir='ltr'>Cumque</span> <span class='ocrx_word' id='word_1_70' title='bbox 468 1157 529 1207; x_wconf 85' lang='lat' dir='ltr'>meis</span> <span class='ocrx_word' id='word_1_71' title='bbox 543 1157 655 1224; x_wconf 81' lang='lat' dir='ltr'>lacrymis</span> <span class='ocrx_word' id='word_1_72' title='bbox 668 1155 761 1206; x_wconf 85' lang='lat' dir='ltr'>miscuit</span> <span class='ocrx_word' id='word_1_73' title='bbox 776 1171 852 1220; x_wconf 79' lang='lat' dir='ltr'>usque</span> <span class='ocrx_word' id='word_1_74' title='bbox 868 1156 932 1208; x_wconf 84' lang='lat' dir='ltr'>suas.</span> 
     </span>
     <span class='ocr_line' id='line_1_12' title="bbox 306 1228 867 1297; baseline -0.007 -15"><span class='ocrx_word' id='word_1_75' title='bbox 306 1230 332 1282; x_wconf 90' lang='grc'>0</span> <span class='ocrx_word' id='word_1_76' title='bbox 346 1229 353 1278; x_wconf 88' lang='lat'>!</span> <span class='ocrx_word' id='word_1_77' title='bbox 368 1230 480 1297; x_wconf 75' lang='lat' dir='ltr'>quoties,</span> <span class='ocrx_word' id='word_1_78' title='bbox 496 1231 552 1280; x_wconf 79' lang='lat' dir='ltr'>vitae</span> <span class='ocrx_word' id='word_1_79' title='bbox 568 1229 646 1280; x_wconf 80' lang='lat' dir='ltr'>custos</span> <span class='ocrx_word' id='word_1_80' title='bbox 662 1228 749 1278; x_wconf 87' lang='lat' dir='ltr'>invisus</span> <span class='ocrx_word' id='word_1_81' title='bbox 763 1245 867 1288; x_wconf 82' lang='lat' dir='ltr'>amatae,</span> 
     </span>
     <span class='ocr_line' id='line_1_13' title="bbox 343 1301 1019 1368; baseline -0.007 -15"><span class='ocrx_word' id='word_1_82' title='bbox 343 1302 471 1354; x_wconf 88' lang='lat' dir='ltr'>Continuit</span> <span class='ocrx_word' id='word_1_83' title='bbox 485 1317 592 1368; x_wconf 82' lang='lat' dir='ltr'>prorutas</span> <span class='ocrx_word' id='word_1_84' title='bbox 607 1304 632 1352; x_wconf 92' lang='lat' dir='ltr'>in</span> <span class='ocrx_word' id='word_1_85' title='bbox 646 1319 699 1352; x_wconf 86' lang='lat' dir='ltr'>mea</span> <span class='ocrx_word' id='word_1_86' title='bbox 716 1301 765 1352; x_wconf 84' lang='lat' dir='ltr'>lata</span> <span class='ocrx_word' id='word_1_87' title='bbox 779 1318 862 1352; x_wconf 84' lang='lat' dir='ltr'>manus</span> <span class='ocrx_word' id='word_1_88' title='bbox 878 1301 887 1351; x_wconf 91' lang='lat'><strong>!</strong></span> <span class='ocrx_word' id='word_1_89' title='bbox 1015 1339 1019 1348; x_wconf 92' lang='lat'>.</span> 
     </span>
     <span class='ocr_line' id='line_1_14' title="bbox 305 1374 942 1444; baseline -0.002 -15"><span class='ocrx_word' id='word_1_90' title='bbox 305 1375 332 1429; x_wconf 87' lang='lat'><strong>0</strong></span> <span class='ocrx_word' id='word_1_91' title='bbox 344 1375 353 1425; x_wconf 77' lang='lat' dir='ltr'>l</span> <span class='ocrx_word' id='word_1_92' title='bbox 366 1377 462 1444; x_wconf 85' lang='lat' dir='ltr'>quoties</span> <span class='ocrx_word' id='word_1_93' title='bbox 479 1376 559 1435; x_wconf 78' lang='lat' dir='ltr'>dixit,</span> <span class='ocrx_word' id='word_1_94' title='bbox 578 1375 705 1426; x_wconf 86' lang='lat' dir='ltr'>Placabilis</span> <span class='ocrx_word' id='word_1_95' title='bbox 720 1375 754 1426; x_wconf 88' lang='lat' dir='ltr'>ita</span> <span class='ocrx_word' id='word_1_96' title='bbox 769 1374 881 1424; x_wconf 84' lang='lat' dir='ltr'><strong>Deorum</strong></span> <span class='ocrx_word' id='word_1_97' title='bbox 897 1375 942 1428; x_wconf 69' lang='lat' dir='ltr'>esti</span> 
     </span>
     <span class='ocr_line' id='line_1_15' title="bbox 340 1447 869 1517; baseline -0.008 -15"><span class='ocrx_word' id='word_1_98' title='bbox 340 1451 426 1510; x_wconf 87' lang='lat' dir='ltr'>Vive,</span> <span class='ocrx_word' id='word_1_99' title='bbox 443 1465 490 1500; x_wconf 89' lang='lat' dir='ltr'>nec</span> <span class='ocrx_word' id='word_1_100' title='bbox 506 1448 600 1517; x_wconf 73' lang='lat' dir='ltr'>ignoid</span> <span class='ocrx_word' id='word_1_101' title='bbox 615 1461 642 1498; x_wconf 91' lang='lat' dir='ltr'>tu</span> <span class='ocrx_word' id='word_1_102' title='bbox 657 1449 702 1498; x_wconf 85' lang='lat' dir='ltr'>tibi</span> <span class='ocrx_word' id='word_1_103' title='bbox 717 1447 783 1516; x_wconf 79' lang='lat' dir='ltr'>posse</span> <span class='ocrx_word' id='word_1_104' title='bbox 796 1463 869 1516; x_wconf 78' lang='lat' dir='ltr'>nega.</span> 
     </span>
     <span class='ocr_line' id='line_1_16' title="bbox 260 1517 992 1590; baseline -0.004 -14"><span class='ocrx_word' id='word_1_105' title='bbox 260 1537 293 1587; x_wconf 86' lang='lat'>25</span> <span class='ocrx_word' id='word_1_106' title='bbox 305 1523 365 1577; x_wconf 83' lang='lat' dir='ltr'>Vox</span> <span class='ocrx_word' id='word_1_107' title='bbox 374 1537 455 1574; x_wconf 86' lang='lat' dir='ltr'>tamen</span> <span class='ocrx_word' id='word_1_108' title='bbox 464 1524 506 1573; x_wconf 86' lang='lat' dir='ltr'>illa</span> <span class='ocrx_word' id='word_1_109' title='bbox 515 1523 561 1574; x_wconf 84' lang='lat' dir='ltr'>fuit</span> <span class='ocrx_word' id='word_1_110' title='bbox 571 1521 728 1572; x_wconf 81' lang='lat' dir='ltr'>celeberrima</span> <span class='ocrx_word' id='word_1_111' title='bbox 739 1556 747 1581; x_wconf 93' lang='lat'>,</span> <span class='ocrx_word' id='word_1_112' title='bbox 763 1517 865 1588; x_wconf 78' lang='lat' dir='ltr'>Respice</span> <span class='ocrx_word' id='word_1_113' title='bbox 876 1533 992 1590; x_wconf 77' lang='lat' dir='ltr'>quantum</span> 
     </span>
     <span class='ocr_line' id='line_1_17' title="bbox 279 1593 804 1656; baseline 0.004 -12"><span class='ocrx_word' id='word_1_114' title='bbox 279 1627 284 1636; x_wconf 87' lang='lat'><strong>·</strong></span> <span class='ocrx_word' id='word_1_115' title='bbox 338 1595 443 1656; x_wconf 75' lang='lat' dir='ltr'>Debent</span> <span class='ocrx_word' id='word_1_116' title='bbox 453 1596 536 1647; x_wconf 81' lang='lat' dir='ltr'>auxilii</span> <span class='ocrx_word' id='word_1_117' title='bbox 549 1596 671 1646; x_wconf 76' lang='lat' dir='ltr'>Maximus</span> <span class='ocrx_word' id='word_1_118' title='bbox 688 1593 734 1645; x_wconf 80' lang='lat' dir='ltr'>elle</span> <span class='ocrx_word' id='word_1_119' title='bbox 751 1594 804 1646; x_wconf 82' lang='lat' dir='ltr'>tibi.</span> 
     </span>
     <span class='ocr_line' id='line_1_18' title="bbox 301 1667 995 1737; baseline -0.001 -17"><span class='ocrx_word' id='word_1_120' title='bbox 301 1667 423 1720; x_wconf 76' lang='lat' dir='ltr'>Maximus</span> <span class='ocrx_word' id='word_1_121' title='bbox 438 1670 582 1727; x_wconf 70' lang='lat' dir='ltr'>incumbet,</span> <span class='ocrx_word' id='word_1_122' title='bbox 599 1669 693 1735; x_wconf 72' lang='lat' dir='ltr'>quique</span> <span class='ocrx_word' id='word_1_123' title='bbox 708 1667 742 1716; x_wconf 82' lang='lat' dir='ltr'>est</span> <span class='ocrx_word' id='word_1_124' title='bbox 754 1668 863 1732; x_wconf 87' lang='lat' dir='ltr'>pietate,</span> <span class='ocrx_word' id='word_1_125' title='bbox 879 1669 995 1737; x_wconf 80' lang='lat' dir='ltr'>rogabit,</span> 
     </span>
     <span class='ocr_line' id='line_1_19' title="bbox 338 1740 885 1792; baseline 0.004 -2"><span class='ocrx_word' id='word_1_126' title='bbox 338 1741 378 1790; x_wconf 89' lang='lat' dir='ltr'>Ne</span> <span class='ocrx_word' id='word_1_127' title='bbox 394 1741 425 1791; x_wconf 90' lang='lat' dir='ltr'>sit</span> <span class='ocrx_word' id='word_1_128' title='bbox 439 1741 470 1789; x_wconf 92' lang='lat' dir='ltr'>ad</span> <span class='ocrx_word' id='word_1_129' title='bbox 484 1754 621 1791; x_wconf 84' lang='lat' dir='ltr'>extremum</span> <span class='ocrx_word' id='word_1_130' title='bbox 636 1740 737 1790; x_wconf 73' lang='lat' dir='ltr'>Caesaris</span> <span class='ocrx_word' id='word_1_131' title='bbox 753 1741 788 1790; x_wconf 87' lang='lat' dir='ltr'>ita</span> <span class='ocrx_word' id='word_1_132' title='bbox 802 1752 885 1792; x_wconf 85' lang='lat' dir='ltr'>tenax.</span> 
     </span>
     <span class='ocr_line' id='line_1_20' title="bbox 301 1810 994 1878; baseline 0.003 -14"><span class='ocrx_word' id='word_1_133' title='bbox 301 1813 411 1878; x_wconf 80' lang='lat' dir='ltr'>Cumque</span> <span class='ocrx_word' id='word_1_134' title='bbox 429 1810 476 1864; x_wconf 85' lang='lat' dir='ltr'>suis</span> <span class='ocrx_word' id='word_1_135' title='bbox 491 1813 573 1863; x_wconf 84' lang='lat' dir='ltr'>fratris</span> <span class='ocrx_word' id='word_1_136' title='bbox 588 1812 654 1862; x_wconf 81' lang='lat' dir='ltr'>vires</span> <span class='ocrx_word' id='word_1_137' title='bbox 669 1811 811 1871; x_wconf 79' lang='lat' dir='ltr'>adhibebit,</span> <span class='ocrx_word' id='word_1_138' title='bbox 833 1815 859 1864; x_wconf 91' lang='lat'>&amp;</span> <span class='ocrx_word' id='word_1_139' title='bbox 876 1831 994 1877; x_wconf 86' lang='lat' dir='ltr'>omnem,</span> 
     </span>
     <span class='ocr_line' id='line_1_21' title="bbox 185 1883 872 1954; baseline -0.004 -15"><span class='ocrx_word' id='word_1_140' title='bbox 185 1915 189 1923; x_wconf 92' lang='lat'>·</span> <span class='ocrx_word' id='word_1_141' title='bbox 257 1902 292 1953; x_wconf 78' lang='lat'>30</span> <span class='ocrx_word' id='word_1_142' title='bbox 341 1883 400 1949; x_wconf 65' lang='lat' dir='ltr'>Qud</span> <span class='ocrx_word' id='word_1_143' title='bbox 417 1883 494 1936; x_wconf 84' lang='lat' dir='ltr'>leviiu</span> <span class='ocrx_word' id='word_1_144' title='bbox 512 1885 614 1945; x_wconf 85' lang='lat' dir='ltr'>doleas,</span> <span class='ocrx_word' id='word_1_145' title='bbox 632 1885 772 1954; x_wconf 73' lang='lat' dir='ltr'>experietur</span> <span class='ocrx_word' id='word_1_146' title='bbox 789 1901 872 1950; x_wconf 69' lang='lat' dir='ltr'>opem·</span> 
     </span>
     <span class='ocr_line' id='line_1_22' title="bbox 300 1953 963 2016; baseline 0.005 -7"><span class='ocrx_word' id='word_1_147' title='bbox 300 1959 363 2012; x_wconf 76' lang='lat' dir='ltr'>Hac</span> <span class='ocrx_word' id='word_1_148' title='bbox 378 1959 436 2010; x_wconf 90' lang='lat' dir='ltr'>mibi</span> <span class='ocrx_word' id='word_1_149' title='bbox 450 1961 524 2009; x_wconf 82' lang='lat' dir='ltr'>verba</span> <span class='ocrx_word' id='word_1_150' title='bbox 540 1961 609 2010; x_wconf 85' lang='lat' dir='ltr'>malae</span> <span class='ocrx_word' id='word_1_151' title='bbox 623 1959 760 2010; x_wconf 82' lang='lat' dir='ltr'>minuerunt</span> <span class='ocrx_word' id='word_1_152' title='bbox 774 1959 846 2009; x_wconf 85' lang='lat' dir='ltr'>taedia</span> <span class='ocrx_word' id='word_1_153' title='bbox 859 1953 938 2012; x_wconf 84' lang='lat' dir='ltr'>vitaet</span> <span class='ocrx_word' id='word_1_154' title='bbox 959 2006 963 2016; x_wconf 89' lang='lat'>.</span> 
     </span>
     <span class='ocr_line' id='line_1_23' title="bbox 337 2032 975 2098; baseline 0.005 -15"><span class='ocrx_word' id='word_1_155' title='bbox 337 2032 401 2098; x_wconf 84' lang='lat' dir='ltr'>Quae</span> <span class='ocrx_word' id='word_1_156' title='bbox 416 2041 444 2083; x_wconf 80' lang='lat' dir='ltr'>tu</span> <span class='ocrx_word' id='word_1_157' title='bbox 456 2066 464 2093; x_wconf 88' lang='lat'>,</span> <span class='ocrx_word' id='word_1_158' title='bbox 477 2047 514 2085; x_wconf 88' lang='lat' dir='ltr'>ne</span> <span class='ocrx_word' id='word_1_159' title='bbox 530 2033 637 2092; x_wconf 79' lang='lat' dir='ltr'>fuerint,</span> <span class='ocrx_word' id='word_1_160' title='bbox 658 2033 786 2091; x_wconf 80' lang='lat' dir='ltr'>Maxime,</span> <span class='ocrx_word' id='word_1_161' title='bbox 803 2047 883 2092; x_wconf 81' lang='lat' dir='ltr'>vana,</span> <span class='ocrx_word' id='word_1_162' title='bbox 905 2051 975 2086; x_wconf 68' lang='lat' dir='ltr'>cave,</span> 
     </span>
     <span class='ocr_line' id='line_1_24' title="bbox 300 2105 972 2174; baseline 0.003 -18"><span class='ocrx_word' id='word_1_163' title='bbox 300 2105 358 2156; x_wconf 85' lang='lat' dir='ltr'>Huc</span> <span class='ocrx_word' id='word_1_164' title='bbox 373 2124 490 2174; x_wconf 85' lang='lat' dir='ltr'>quoque,</span> <span class='ocrx_word' id='word_1_165' title='bbox 507 2119 637 2157; x_wconf 82' lang='lat' dir='ltr'>venturum</span> <span class='ocrx_word' id='word_1_166' title='bbox 650 2107 708 2156; x_wconf 86' lang='lat' dir='ltr'>mihi</span> <span class='ocrx_word' id='word_1_167' title='bbox 724 2107 748 2158; x_wconf 89' lang='lat' dir='ltr'>se</span> <span class='ocrx_word' id='word_1_168' title='bbox 763 2105 850 2172; x_wconf 24' lang='lat' dir='ltr'>jurare,</span> <span class='ocrx_word' id='word_1_169' title='bbox 860 2105 972 2166; x_wconf 72' lang='lat' dir='ltr'>solebat,</span> 
     </span>
     <span class='ocr_line' id='line_1_25' title="bbox 336 2177 865 2248; baseline 0 -19"><span class='ocrx_word' id='word_1_170' title='bbox 336 2180 394 2229; x_wconf 87' lang='lat' dir='ltr'>Non</span> <span class='ocrx_word' id='word_1_171' title='bbox 410 2181 456 2231; x_wconf 93' lang='lat' dir='ltr'>nisi</span> <span class='ocrx_word' id='word_1_172' title='bbox 471 2191 496 2230; x_wconf 90' lang='lat' dir='ltr'>te</span> <span class='ocrx_word' id='word_1_173' title='bbox 512 2181 591 2248; x_wconf 80' lang='lat' dir='ltr'>longae</span> <span class='ocrx_word' id='word_1_174' title='bbox 606 2177 644 2244; x_wconf 80' lang='lat' dir='ltr'>jus</span> <span class='ocrx_word' id='word_1_175' title='bbox 660 2178 706 2229; x_wconf 91' lang='lat' dir='ltr'>sibi</span> <span class='ocrx_word' id='word_1_176' title='bbox 721 2179 794 2229; x_wconf 87' lang='lat' dir='ltr'>dante</span> <span class='ocrx_word' id='word_1_177' title='bbox 809 2179 865 2230; x_wconf 75' lang='lat' dir='ltr'>viae.</span> 
     </span>
     <span class='ocr_line' id='line_1_26' title="bbox 257 2251 883 2318; baseline 0 -16"><span class='ocrx_word' id='word_1_178' title='bbox 257 2267 288 2318; x_wconf 84' lang='lat'>35</span> <span class='ocrx_word' id='word_1_179' title='bbox 302 2253 364 2303; x_wconf 86' lang='lat' dir='ltr'>Nam</span> <span class='ocrx_word' id='word_1_180' title='bbox 380 2264 422 2302; x_wconf 90' lang='lat' dir='ltr'>tua</span> <span class='ocrx_word' id='word_1_181' title='bbox 438 2268 488 2311; x_wconf 76' lang='lat' dir='ltr'>non</span> <span class='ocrx_word' id='word_1_182' title='bbox 505 2252 553 2302; x_wconf 88' lang='lat' dir='ltr'>alio</span> <span class='ocrx_word' id='word_1_183' title='bbox 571 2251 648 2302; x_wconf 87' lang='lat' dir='ltr'>coluit</span> <span class='ocrx_word' id='word_1_184' title='bbox 665 2253 798 2318; x_wconf 81' lang='lat' dir='ltr'>penetralia</span> <span class='ocrx_word' id='word_1_185' title='bbox 815 2253 883 2312; x_wconf 87' lang='lat' dir='ltr'>ritu,</span> 
     </span>
     <span class='ocr_line' id='line_1_27' title="bbox 336 2323 919 2390; baseline 0 -16"><span class='ocrx_word' id='word_1_186' title='bbox 336 2325 468 2375; x_wconf 80' lang='lat' dir='ltr'>Terrarum</span> <span class='ocrx_word' id='word_1_187' title='bbox 485 2323 596 2373; x_wconf 81' lang='lat' dir='ltr'>dominos</span> <span class='ocrx_word' id='word_1_188' title='bbox 613 2326 683 2390; x_wconf 78' lang='lat' dir='ltr'>quim</span> <span class='ocrx_word' id='word_1_189' title='bbox 698 2325 758 2375; x_wconf 86' lang='lat' dir='ltr'>colis</span> <span class='ocrx_word' id='word_1_190' title='bbox 772 2324 821 2390; x_wconf 88' lang='lat' dir='ltr'>ipse</span> <span class='ocrx_word' id='word_1_191' title='bbox 838 2324 919 2376; x_wconf 89' lang='lat' dir='ltr'>Deos.</span> 
     </span>
     <span class='ocr_line' id='line_1_28' title="bbox 300 2395 1073 2470; baseline -0.003 -22"><span class='ocrx_word' id='word_1_192' title='bbox 300 2397 382 2466; x_wconf 61' lang='lat' dir='ltr'>Crede</span> <span class='ocrx_word' id='word_1_193' title='bbox 399 2398 460 2457; x_wconf 83' lang='lat' dir='ltr'>mibi</span> <span class='ocrx_word' id='word_1_194' title='bbox 470 2396 583 2470; x_wconf 76' lang='lat' dir='ltr'>:multos</span> <span class='ocrx_word' id='word_1_195' title='bbox 597 2396 687 2458; x_wconf 75' lang='lat' dir='ltr'>habeas</span> <span class='ocrx_word' id='word_1_196' title='bbox 702 2395 756 2458; x_wconf 72' lang='lat' dir='ltr'>elim</span> <span class='ocrx_word' id='word_1_197' title='bbox 774 2399 862 2465; x_wconf 79' lang='lat' dir='ltr'>diguus,</span> <span class='ocrx_word' id='word_1_198' title='bbox 874 2398 966 2451; x_wconf 87' lang='lat' dir='ltr'>amicos</span> <span class='ocrx_word' id='word_1_199' title='bbox 982 2433 991 2460; x_wconf 94' lang='lat'>,</span> <span class='ocrx_word' id='word_1_200' title='bbox 1072 2431 1073 2446; x_wconf 43' lang='lat' dir='ltr'>l</span> 
     </span>
     <span class='ocr_line' id='line_1_29' title="bbox 336 2468 924 2537; baseline 0 -19"><span class='ocrx_word' id='word_1_201' title='bbox 336 2469 394 2528; x_wconf 84' lang='lat' dir='ltr'>Non</span> <span class='ocrx_word' id='word_1_202' title='bbox 410 2468 456 2520; x_wconf 84' lang='lat' dir='ltr'>iuit</span> <span class='ocrx_word' id='word_1_203' title='bbox 472 2485 487 2518; x_wconf 92' lang='lat' dir='ltr'>e</span> <span class='ocrx_word' id='word_1_204' title='bbox 503 2469 586 2532; x_wconf 79' lang='lat' dir='ltr'>multis</span> <span class='ocrx_word' id='word_1_205' title='bbox 602 2471 715 2537; x_wconf 79' lang='lat' dir='ltr'>quolibet</span> <span class='ocrx_word' id='word_1_206' title='bbox 729 2471 872 2536; x_wconf 25' lang='lat' dir='ltr'>illelminort</span> <span class='ocrx_word' id='word_1_207' title='bbox 923 2481 924 2486; x_wconf 76' lang='grc'>’</span> 
     </span>
     <span class='ocr_line' id='line_1_30' title="bbox 300 2539 1015 2610; baseline 0.003 -16"><span class='ocrx_word' id='word_1_208' title='bbox 300 2541 325 2594; x_wconf 84' lang='lat' dir='ltr'>si</span> <span class='ocrx_word' id='word_1_209' title='bbox 341 2539 414 2594; x_wconf 74' lang='lat' dir='ltr'>modi&gt;</span> <span class='ocrx_word' id='word_1_210' title='bbox 429 2558 476 2592; x_wconf 87' lang='lat' dir='ltr'>nec</span> <span class='ocrx_word' id='word_1_211' title='bbox 492 2542 596 2602; x_wconf 83' lang='lat' dir='ltr'>cenius,</span> <span class='ocrx_word' id='word_1_212' title='bbox 616 2561 662 2594; x_wconf 82' lang='lat' dir='ltr'>nec</span> <span class='ocrx_word' id='word_1_213' title='bbox 678 2547 767 2596; x_wconf 84' lang='lat' dir='ltr'>c&#39;l&#39;arum</span> <span class='ocrx_word' id='word_1_214' title='bbox 783 2557 870 2600; x_wconf 71' lang='lat' dir='ltr'>nomen</span> <span class='ocrx_word' id='word_1_215' title='bbox 886 2557 1015 2610; x_wconf 84' lang='lat' dir='ltr'>avorum,</span> 
     </span>
     <span class='ocr_line' id='line_1_31' title="bbox 254 2610 934 2686; baseline 0.006 -20"><span class='ocrx_word' id='word_1_216' title='bbox 254 2631 290 2679; x_wconf 85' lang='lat'>40</span> <span class='ocrx_word' id='word_1_217' title='bbox 337 2615 386 2665; x_wconf 85' lang='lat' dir='ltr'>Sed</span> <span class='ocrx_word' id='word_1_218' title='bbox 401 2610 508 2682; x_wconf 81' lang='lat' dir='ltr'>probitas</span> <span class='ocrx_word' id='word_1_219' title='bbox 524 2633 643 2684; x_wconf 84' lang='lat' dir='ltr'>magnos,</span> <span class='ocrx_word' id='word_1_220' title='bbox 661 2617 847 2686; x_wconf 81' lang='lat' dir='ltr'>ingeniumque,</span> <span class='ocrx_word' id='word_1_221' title='bbox 863 2614 934 2670; x_wconf 81' lang='lat' dir='ltr'>facit.</span> 
     </span>
     <span class='ocr_line' id='line_1_32' title="bbox 298 2686 909 2758; baseline -0.005 -16"><span class='ocrx_word' id='word_1_222' title='bbox 298 2686 357 2742; x_wconf 85' lang='lat' dir='ltr'>Jute</span> <span class='ocrx_word' id='word_1_223' title='bbox 373 2689 445 2757; x_wconf 79' lang='lat' dir='ltr'>igitur</span> <span class='ocrx_word' id='word_1_224' title='bbox 459 2691 577 2758; x_wconf 85' lang='lat' dir='ltr'>lacrymas</span> <span class='ocrx_word' id='word_1_225' title='bbox 592 2691 665 2742; x_wconf 82' lang='lat' dir='ltr'>Celso</span> <span class='ocrx_word' id='word_1_226' title='bbox 680 2691 777 2740; x_wconf 87' lang='lat' dir='ltr'>libamus</span> <span class='ocrx_word' id='word_1_227' title='bbox 792 2689 909 2747; x_wconf 83' lang='lat' dir='ltr'>ademto,</span> 
     </span>
     <span class='ocr_line' id='line_1_33' title="bbox 336 2760 909 2831; baseline 0 -19"><span class='ocrx_word' id='word_1_228' title='bbox 336 2760 399 2821; x_wconf 72' lang='lat' dir='ltr'>Csim</span> <span class='ocrx_word' id='word_1_229' title='bbox 412 2763 541 2831; x_wconf 79' lang='lat' dir='ltr'>fugerem,</span> <span class='ocrx_word' id='word_1_230' title='bbox 557 2764 614 2814; x_wconf 85' lang='lat' dir='ltr'>vivo</span> <span class='ocrx_word' id='word_1_231' title='bbox 630 2780 688 2831; x_wconf 85' lang='lat' dir='ltr'>quas</span> <span class='ocrx_word' id='word_1_232' title='bbox 704 2763 771 2812; x_wconf 84' lang='lat' dir='ltr'>dedit</span> <span class='ocrx_word' id='word_1_233' title='bbox 785 2762 828 2812; x_wconf 90' lang='lat' dir='ltr'>ille</span> <span class='ocrx_word' id='word_1_234' title='bbox 842 2762 909 2812; x_wconf 85' lang='lat' dir='ltr'>mihi.</span> 
     </span>
     <span class='ocr_line' id='line_1_34' title="bbox 299 2833 896 2903; baseline 0.002 -18"><span class='ocrx_word' id='word_1_235' title='bbox 299 2833 411 2886; x_wconf 84' lang='lat' dir='ltr'>Carmina</span> <span class='ocrx_word' id='word_1_236' title='bbox 428 2836 482 2903; x_wconf 84' lang='lat' dir='ltr'>jure</span> <span class='ocrx_word' id='word_1_237' title='bbox 497 2837 579 2887; x_wconf 87' lang='lat' dir='ltr'>damus</span> <span class='ocrx_word' id='word_1_238' title='bbox 591 2853 658 2886; x_wconf 81' lang='lat' dir='ltr'>rarus</span> <span class='ocrx_word' id='word_1_239' title='bbox 672 2835 781 2886; x_wconf 81' lang='lat' dir='ltr'>testantia</span> <span class='ocrx_word' id='word_1_240' title='bbox 796 2851 896 2895; x_wconf 86' lang='lat' dir='ltr'>mores,</span> 
     </span>
     <span class='ocr_line' id='line_1_35' title="bbox 335 2908 1073 2978; baseline -0.003 -19"><span class='ocrx_word' id='word_1_241' title='bbox 335 2911 370 2959; x_wconf 93' lang='lat' dir='ltr'>Ut</span> <span class='ocrx_word' id='word_1_242' title='bbox 386 2923 427 2961; x_wconf 89' lang='lat' dir='ltr'>tua</span> <span class='ocrx_word' id='word_1_243' title='bbox 439 2912 535 2962; x_wconf 84' lang='lat' dir='ltr'>venturi</span> <span class='ocrx_word' id='word_1_244' title='bbox 551 2910 665 2967; x_wconf 85' lang='lat' dir='ltr'>nomina,</span> <span class='ocrx_word' id='word_1_245' title='bbox 684 2908 777 2966; x_wconf 86' lang='lat' dir='ltr'>Celse,</span> <span class='ocrx_word' id='word_1_246' title='bbox 795 2910 885 2978; x_wconf 83' lang='lat' dir='ltr'>legant.</span> <span class='ocrx_word' id='word_1_247' title='bbox 1072 2949 1073 2968; x_wconf 21' lang='grc' dir='ltr'>ἶ</span> 
     </span>
     <span class='ocr_line' id='line_1_36' title="bbox 253 2981 1073 3051; baseline 0.002 -19"><span class='ocrx_word' id='word_1_248' title='bbox 253 2998 285 3048; x_wconf 85' lang='lat'>45</span> <span class='ocrx_word' id='word_1_249' title='bbox 301 2981 357 3032; x_wconf 84' lang='lat' dir='ltr'>Hoc</span> <span class='ocrx_word' id='word_1_250' title='bbox 368 2982 401 3034; x_wconf 83' lang='lat' dir='ltr'>cll</span> <span class='ocrx_word' id='word_1_251' title='bbox 413 3016 420 3042; x_wconf 92' lang='lat'>,</span> <span class='ocrx_word' id='word_1_252' title='bbox 431 2984 498 3048; x_wconf 84' lang='lat' dir='ltr'>quod</span> <span class='ocrx_word' id='word_1_253' title='bbox 508 2983 597 3051; x_wconf 71' lang='lat' dir='ltr'>poissins</span> <span class='ocrx_word' id='word_1_254' title='bbox 609 2982 703 3033; x_wconf 84' lang='lat' dir='ltr'>Geticis</span> <span class='ocrx_word' id='word_1_255' title='bbox 719 2983 763 3033; x_wconf 89' lang='lat' dir='ltr'>tibi</span> <span class='ocrx_word' id='word_1_256' title='bbox 773 2983 869 3034; x_wconf 85' lang='lat' dir='ltr'>mittere</span> <span class='ocrx_word' id='word_1_257' title='bbox 880 2982 909 3032; x_wconf 89' lang='lat' dir='ltr'>ab</span> <span class='ocrx_word' id='word_1_258' title='bbox 920 2981 985 3040; x_wconf 86' lang='lat' dir='ltr'>arvis</span> <span class='ocrx_word' id='word_1_259' title='bbox 996 3000 1006 3038; x_wconf 85' lang='lat' dir='ltr'>t</span> <span class='ocrx_word' id='word_1_260' title='bbox 1072 2989 1073 3018; x_wconf 59' lang='lat' dir='ltr'>i</span> 
     </span>
     <span class='ocr_line' id='line_1_37' title="bbox 278 3055 1073 3131; baseline 0.001 -24"><span class='ocrx_word' id='word_1_261' title='bbox 278 3092 283 3114; x_wconf 83' lang='lat'>.</span> <span class='ocrx_word' id='word_1_262' title='bbox 333 3055 389 3107; x_wconf 87' lang='lat' dir='ltr'>Hoc</span> <span class='ocrx_word' id='word_1_263' title='bbox 404 3056 480 3116; x_wconf 82' lang='lat' dir='ltr'>solum</span> <span class='ocrx_word' id='word_1_264' title='bbox 495 3057 529 3109; x_wconf 80' lang='lat' dir='ltr'>est</span> <span class='ocrx_word' id='word_1_265' title='bbox 542 3055 610 3118; x_wconf 71' lang='lat' dir='ltr'>illis,</span> <span class='ocrx_word' id='word_1_266' title='bbox 624 3055 784 3131; x_wconf 23' lang='lat' dir='ltr'>,quod-liquet</span> <span class='ocrx_word' id='word_1_267' title='bbox 799 3057 846 3111; x_wconf 83' lang='lat' dir='ltr'>esse</span> <span class='ocrx_word' id='word_1_268' title='bbox 860 3070 965 3128; x_wconf 68' lang='grc' dir='ltr'>ιιιειιπιι.ι</span> <span class='ocrx_word' id='word_1_269' title='bbox 1072 3121 1073 3124; x_wconf 9' lang='lat'>¹</span> 
     </span>
    </p>
   </div>
   <div class='ocr_carea' id='block_1_3' title="bbox 113 478 115 593">
    <p class='ocr_par' dir='ltr' id='par_1_3' title="bbox 113 478 115 593">
     <span class='ocr_line' id='line_1_38' title="bbox 113 478 115 513; baseline 0 0"><span class='ocrx_word' id='word_1_270' title='bbox 113 478 115 513; x_wconf 91' lang='lat' dir='ltr'>l</span> 
     </span>
     <span class='ocr_line' id='line_1_39' title="bbox 113 554 114 593; baseline 0 0"><span class='ocrx_word' id='word_1_271' title='bbox 113 554 114 593; x_wconf 90' lang='lat' dir='ltr'>l</span> 
     </span>
    </p>
   </div>
   <div class='ocr_carea' id='block_1_4' title="bbox 0 0 1188 3942">
    <p class='ocr_par' dir='ltr' id='par_1_4' title="bbox 0 0 1188 3942">
     <span class='ocr_line' id='line_1_40' title="bbox 0 0 1188 3942; baseline 0 0"><span class='ocrx_word' id='word_1_272' title='bbox 0 0 1188 3942; x_wconf 95' lang='lat' dir='ltr'> </span> 
     </span>
    </p>
   </div>
  </div>
 </body>
</html>
