2367 3942
304 410 800 484 TarsrrvrrLrn.I.
854 440 927 513 179

203 534 328 589 flerimus
346 534 372 583 in
385 534 474 584 laevurn
490 533 592 592 cursus,
611 535 636 585 δι
651 536 681 584 ab
696 534 808 589 Heaoris
824 541 883 591 urbe

241 608 365 658 Venimus
380 607 411 655 acl
427 620 532 673 portus,
551 608 638 657 lmbria
655 619 739 666 terra,
757 622 823 662 tuos.

202 681 265 731 lnrle
281 681 337 735 levi
350 692 427 730 vento
445 679 579 747 Zerynthia
596 681 666 730 litora
684 682 777 741 nallis,

239 754 390 805 Threiciam
405 754 488 820 tetigit
507 753 564 803 felia
581 755 660 803 carina
677 754 775 805 Samon.
932 778 968 813 20

173 834 180 844 '
203 828 288 877 Saltus
304 828 336 876 ab
350 828 396 876 hac
409 826 475 877 terri
491 827 572 876 brevis
590 825 624 875 est
638 826 760 897 Tempyra
774 831 877 895 petenti.
919 860 922 865 ·

241 900 300 950 Hac
317 900 441 949 dominum
456 911 527 949 tenus
543 899 577 949 ell
592 900 634 949 illa
649 900 729 950 secuta
744 902 819 954 suum.

203 972 270 1024 Nom
288 974 348 1023 mihi
363 972 485 1023 Bistonios
500 973 591 1038 placuit
609 972 672 1038 pede
687 990 786 1041 carpere
803 994 921 1044 campos:

160 1065 164 1070 ·
242 1046 457 1112 Hellespontiacas
473 1046 514 1095 illa
530 1046 630 1111 reliquit
647 1062 729 1112 aquas.
764 1054 767 1061 '

204 1119 404 1185 Dardaniamque
421 1117 503 1184 petit,
521 1119 624 1169 autoris
642 1136 730 1169 nomen
743 1121 891 1186 habentem,
931 1142 963 1191 25

244 1193 278 1242 Et
294 1204 320 1242 te
336 1192 461 1250 ruricola,
482 1191 630 1257 Lampsaco,
647 1204 698 1243 tuta
714 1194 783 1245 Deo.

208 1264 316 1332 Quique
332 1281 378 1331 per
393 1265 502 1332 angustas
517 1265 593 1315 retiae
610 1267 671 1315 male
686 1267 785 1336 virginis
801 1270 875 1323 undas

244 1339 331 1387 Seston
346 1338 468 1404 Abydena
484 1339 578 1404 separat
596 1341 655 1389 urbe
671 1339 768 1390 fretum.

207 1411 322 1478 Hincqoe
340 1410 508 1477 Propontiacis
523 1412 655 1463 haerentem
672 1412 782 1480 Cyzicon
796 1417 844 1467 oris
857 1434 867 1476 ς

247 1484 378 1551 Cyzicon,
397 1484 531 1535 Haernoniae
545 1486 627 1537 nobile
642 1486 721 1553 gentis
739 1502 821 1552 opus:
932 1500 968 1556 30
1028 1512 1031 1515 ·

208 1556 315 1623 Quique
333 1569 421 1607 tenent
438 1556 508 1608 Ponti
523 1557 640 1625 Byzantia
657 1558 729 1608 litora
746 1560 839 1611 fauces.

150 1667 161 1682 .
246 1628 320 1693 (llic
337 1632 408 1680 locus
424 1630 562 1699 eli-gemini
577 1630 649 1697 janua
665 1632 728 1681 vasta
744 1632 845 1701 maris.)

208 1702 289 1763 Haec,
304 1720 413 1769 precor,
432 1704 547 1761 evincat,
562 1705 729 1772 propulsaque·
739 1705 840 1777 lortilsus
856 1702 947 1760 Aussiis

245 1777 364 1826 Transeat
379 1776 499 1826 instabiles
514 1776 607 1829 strenua
623 1778 755 1846 Cyaneas:

208 1849 400 1916 Thyniacosque
410 1850 495 1909 sinus,
510 1850 576 1901 &ab
586 1852 625 1901 his
637 1868 680 1918 per
691 1851 811 1917 Apollinis
822 1854 905 1903 urbem
931 1866 964 1918 35

247 1923 326 1980 atta,
344 1922 386 1974 sub
401 1922 514 1973 Anchiali
532 1925 619 1975 moenia
632 1925 717 1975 tendat
733 1926 789 1975 iter.

209 1996 270 2045 lnde
284 1994 477 2046 Mesembriacos
491 2008 597 2062 portus,
613 1996 638 2048 δι
653 1996 780 2055 Odellon,
798 1996 824 2048 δι
836 1992 922 2048 arces*

201 2084 206 2091 ·
244 2068 378 2119 Praetereat
393 2068 466 2119 distas
481 2069 599 2128 nomine,
619 2070 715 2120 Bocche
730 2102 737 2126 ‚
758 2082 824 2119 tuo:

209 2142 241 2191 Et
257 2158 319 2207 quos
336 2140 450 2191 Alcathoi
458 2154 599 2192 'memorant
616 2141 759 2191 amoenibus
776 2154 844 2193 ortos

245 2213 402 2271 Sedibuslfis
418 2216 548 2282 profugum
563 2214 708 2265 constituisse
725 2216 809 2265 larem.
928 2230 965 2280 4ο

210 2288 232 2343 A
248 2289 334 2351 quibus
351 2288 465 2337 adveniat
482 2288 594 2339 Miletida
611 2288 690 2353 sospes
706 2289 736 2337 ad
752 2290 856 2347 urbem,

247 2359 343 2431 Offensi
360 2358 409 2427 qui>
425 2377 466 2409 roe
480 2362 596 2427 compulit
613 2360 646 2410 ira
661 2361 720 2411 Dei.

208 2432 278 2482 Hanc
295 2433 316 2483 si
333 2433 485 2499 contigerit,
503 2436 595 2483 meritae
613 2434 684 2483 cadet
700 2452 760 2503 agna
777 2433 921 2493 Minerraer

245 2507 303 2556 Non
320 2507 380 2556 lacit
395 2506 425 2555 ad
441 2506 535 2556 nollras
549 2508 623 2556 hotlia
637 2506 714 2573 major
728 2523 798 2575 opes.

209 2581 263 2634 Vos
272 2596 372 2646 quoque
379 2579 599 2646 Tyndaridae,quos
607 2580 658 2629 haec
668 2580 727 2631 colit
735 2580 917 2639 insultatores,
929 2592 963 2641 45

243 2654 329 2711 Mite,
347 2669 455 2719 precor,
470 2653 559 2718 duplici
575 2670 664 2703 numen
678 2653 757 2703 adeste
773 2656 828 2703 viae.

207 2725 292 2775 Altera
309 2742 413 2791 namque
428 2738 496 2791 parat
508 2726 686 2793 Symplegadas
697 2728 732 2776 ire
748 2742 795 2795 per·
805 2724 902 2782 araas,

243 2799 363 2849 Scindere
378 2798 493 2848 Bistonias
510 2801 584 2849 altera
600 2800 686 2866 puppis
702 2816 785 2866 aquas.

206 2871 261 2925 Vos
277 2873 373 2931 facite,
391 2884 418 2921 ut
433 2884 540 2929 ventos,
557 2874 610 2922 loca
628 2871 681 2922 ciam
697 2870 790 2921 diversa
805 2882 936 2938 petamus,

183 2978 187 2986 ,
241 2945 286 2995 llla
304 2945 361 2999 suos
376 2946 484 3006 habeat,
501 2960 546 2997 nec
562 2942 639 2996 minus
656 2944 699 2995 illa
713 2944 778 2997 suos.
933 2955 969 3006 50

814 3160 881 3228 ij
917 3237 922 3248 Ι
