2367 3942
270 451 341 530 r52
389 424 431 496 P.
458 428 651 499 Orruit
678 430 910 501 NAsonrs

203 545 255 616 635
268 551 338 617 Signa
351 549 418 598 dedit
429 546 550 608 Genitor,
561 561 613 599 turn
629 546 683 601 crim
696 560 768 615 caput
783 548 839 615 igne
855 549 965 599 corusco
992 572 998 581 ·

304 622 434 689 Contigit,
451 622 524 688 inque
536 622 607 672 corni
623 622 746 671 flammeus
762 622 820 671 arsit
836 638 910 689 apex.

266 695 305 744 Te
320 710 417 760 quoque
429 692 574 763 magnifici,
591 694 747 752 Concordia,
765 694 862 747 dedicat
877 695 932 745 aede

302 767 389 825 Livia,
407 784 476 834 quam
493 784 550 818 caro
566 766 675 834 prestitit
691 766 731 817 itta
747 767 811 817 viro.

267 840 342 891 Disce
357 853 457 899 tamen,
474 842 576 891 veniens
591 853 670 899 aetas,
684 840 726 889 ubi
741 840 810 889 Livia
826 856 892 889 nunc
907 840 942 889 est

207 914 259 976 640
306 913 438 970 Porticus,
454 914 575 964 immensae
591 913 654 963 resta
668 912 735 963 suisse
750 911 845 963 domsrs.

269 988 344 1037 Urbis
358 1002 421 1053 opus
434 987 520 1038 domus
533 1004 580 1036 una
597 986 642 1035 suit
657 1002 664 1035 ι
678 985 826 1051 spatiumque
840 986 961 1042 tenebat,

307 1058 366 1123 Quo
384 1062 481 1109 brevius
494 1060 568 1111 muris
582 1059 671 1125 oppida
682 1060 756 1109 multa
771 1070 867 1108 tenent.

270 1132 332 1183 Hrec
347 1146 440 1199 aquata
454 1134 506 1183 solo
522 1131 573 1191 esi,
591 1133 657 1182 nullo
675 1131 716 1181 sub
730 1131 828 1182 crimine
844 1129 935 1199 regni,

308 1207 357 1255 Sed
369 1207 426 1273 quia
441 1207 535 1256 luxurii
548 1204 598 1255 visa
615 1220 706 1255 nocere
720 1204 770 1255 sui.

209 1277 260 1340 645
274 1278 386 1329 Sustinuit
401 1292 480 1329 ranms
495 1295 597 1344 operum
613 1278 754 1329 subvertere
766 1278 864 1335 moles,

309 1352 409 1418 Totque
426 1350 477 1401 suas
496 1352 568 1403 heres
582 1351 686 1416 perdere
705 1348 784 1400 Caesar
800 1366 872 1417 opes.

272 1424 314 1475 Sic
325 1426 407 1492 agitur
422 1423 541 1483 censura,
557 1424 583 1475 ὃ(
598 1425 633 1474 sic
650 1424 760 1489 exempla
774 1433 906 1489 parantur,

310 1496 372 1548 Ctim
387 1497 494 1557 vindex,
511 1498 572 1552 alios
590 1496 656 1563 quod
672 1508 773 1555 monet,
792 1495 841 1561 ipse
857 1492 925 1545 sacis.

272 1571 346 1622 Nulla
360 1583 420 1621 nota
433 1570 484 1629 esi,
500 1571 616 1621 veniente
632 1570 688 1628 die,
703 1584 774 1635 quant
788 1568 877 1617 ducere
894 1566 992 1633 passis.

211 1643 264 1705 650
312 1644 395 1693 idibus
410 1644 502 1693 invisio
515 1644 570 1693 sunt
584 1645 639 1693 data
653 1642 742 1708 templa
755 1641 822 1693 iovi.

273 1715 305 1765 Et
321 1714 369 1778 jam
384 1714 550 1781 Quinquatrus
564 1714 653 1780 jubeor
667 1730 763 1765 narrare
780 1714 894 1764 minores.

311 1789 382 1838 Nunc
394 1788 471 1843 ades,
491 1787 526 1837 oi
542 1788 645 1852 coeptis,
664 1788 726 1836 siava
740 1786 869 1845 Minerva,
886 1783 957 1836 meis.

274 1858 326 1910 Cur
340 1876 415 1927 vagus
430 1860 522 1909 incedit
535 1860 591 1909 totai
604 1859 695 1908 tibicen
709 1860 733 1907 in
749 1858 818 1909 Urbe
830 1856 841 1907 ἓ

231 1995 234 2001 Ι
312 1932 378 1997 Quid
392 1932 436 1983 sibi
452 1931 580 1999 personae,
599 1930 655 1999 quid
670 1931 727 1981 noia
743 1932 834 1998 longa,
851 1927 962 1981 volumi

214 2005 245 2065 65
253 2019 265 2067 5
279 2005 319 2054 Sic
333 2022 381 2073 ego
396 2022 403 2056 t
420 2004 454 2057 sic
468 2005 548 2072 positis
562 2004 790 2069 Tritoniacuspide
805 2003 876 2055 dixit.

313 2077 376 2129 Pace
392 2079 466 2129 veiim
483 2079 559 2130 dotia
574 2080 649 2129 verba
665 2079 757 2127 referre
770 2078 846 2127 Deae.

276 2152 440 2217 Temporibus
454 2164 567 2203 veterum
578 2152 685 2201 tibicinis
699 2150 753 2201 usus
768 2164 867 2199 avorum

312 2225 438 2293 Magnus,
459 2226 527 2275 &in
543 2241 630 2291 magno
646 2224 739 2287 semper
755 2223 849 2271 honore
867 2220 923 2271 suit.

278 2297 396 2349 Cantabat
410 2295 490 2355 sanis,
508 2298 621 2345 cantabat
633 2294 691 2343 tibia
707 2293 790 2351 ludin

216 2368 268 2420 660
318 2370 435 2422 cantabat
452 2368 536 2419 maeiiis
550 2368 609 2416 tibia
624 2365 758 2415 funeribus.

277 2443 365 2493 Duicis
380 2454 434 2492 erat
446 2440 560 2490 mercede
570 2440 641 2488 labor
658 2452 666 2487 r
681 2449 824 2503 tempusque
840 2435 971 2497 secutum,

314 2513 389 2577 Quod
404 2513 480 2563 subitd
496 2510 578 2577 Grajae
594 2511 716 2577 frangeret
731 2508 789 2561 artis
805 2525 876 2574 opus.

278 2586 349 2637 Adde
364 2586 429 2653 quod
442 2582 550 2641 Editio,
565 2600 675 2650 pompam
691 2582 732 2651 qui
746 2581 836 2633 funeris
850 2581 936 2642 irent,

314 2657 428 2709 Artifices
446 2658 510 2709 solos
524 2657 622 2724 jusserat
636 2656 682 2707 esse
698 2657 792 2707 decem.

217 2731 267 2797 665
282 2730 376 2783 Exsilio
391 2745 485 2782 mutant
500 2733 613 2787 Urbem,
633 2731 763 2795 Tiburque
774 2726 915 2784 recedunt;

316 2805 431 2855 Exsilium
448 2805 553 2871 quodam
566 2817 677 2870 tempore
691 2804 768 2853 Tibur
784 2813 845 2851 erut.

280 2879 406 2947 Quaeritur
420 2879 444 2928 in
460 2879 530 2929 scens
544 2894 604 2929 cava
617 2878 673 2927 tibia
685 2893 694 2933 ;
714 2874 828 2942 queritur
844 2872 905 2923 arist

316 2951 393 3003 Ducit
406 2950 529 3016 supremos
545 2949 624 3001 naenia
641 2950 704 2999 nulla
720 2950 818 2998 choros·

280 3024 403 3075 Servierrt
416 3023 528 3090 quidam,
544 3022 695 3091 quantolibet
709 3020 794 3070 ordine
811 3018 919 3084 dignus,

219 3097 272 3159 670
318 3096 433 3154 Tiburs:
451 3096 492 3151 sed
508 3098 583 3167 longo
598 3108 708 3164 tempure
725 3093 785 3147 liber
800 3102 864 3157 erat.
