2367 3942
317 410 368 503 48
412 406 453 475 P.
483 408 678 479 Orruit
704 406 931 479 Niconis

319 528 401 578 Marte
413 528 476 579 satos
491 526 563 579 scires
573 546 582 587 3
598 530 672 579 timor
683 528 769 577 abfuit.
785 528 868 578 Ubere
879 528 987 584 ducunt,

256 620 309 669 420
356 602 411 652 Nee
421 602 466 653 sibi
475 604 587 668 promissi
599 603 665 653 utris
678 604 776 653 aluntur
790 617 848 666 ope.

318 675 363 727 Illa
377 676 434 724 loco
443 692 533 725 nomen
547 676 627 734 iecit3
642 678 711 727 locus
725 675 775 740 ipse
784 674 911 740 Lupercis.

355 748 444 816 Magna
456 750 504 799 dati
517 751 599 800 nutrix
611 750 708 815 praernia
716 747 783 797 latiis
793 748 876 797 haber.

318 820 385 886 Quid
394 834 463 871 vetat
474 823 580 873 Arcadio
594 823 668 873 didlos
679 839 692 871 a
704 832 786 871 monte
797 817 944 886 Lupercos?

356 894 449 945 Faunus
460 896 484 945 in
495 894 599 945 Arcadis
608 896 698 961 templa
709 895 804 962 Lyceus
819 896 901 944 babet.

254 983 306 1032 425
320 968 420 1033 Nupta,
438 969 494 1035 quid
505 969 628 1035 exsputus
641 967 652 1017 i
669 984 718 1017 non
727 980 756 1017 tu
766 968 914 1034 pollentibus
925 964 1002 1016 herbis
1012 995 1020 1023 ,

354 1041 408 1091 Nec
422 1058 496 1109 prece
509 1076 517 1101 ‚
532 1059 578 1092 nec
591 1043 685 1109 magico
698 1041 802 1091 carmine
815 1074 823 1098 ,
840 1054 917 1091 mater
930 1043 987 1091 eris.

317 1112 408 1179 Excipe
419 1115 531 1166 fecunda?
541 1116 662 1181 patienter
673 1116 776 1164 verbera
787 1113 879 1165 dextre
890 1131 900 1172 3

353 1186 405 1239 Jam
415 1188 484 1238 socer
494 1190 570 1253 optati
581 1204 669 1238 nornen
681 1188 780 1236 habebit
794 1188 842 1236 avi.

316 1260 378 1311 Nam
389 1260 434 1311 fuit
447 1262 487 1312 illa
499 1262 569 1320 dies,
588 1254 647 1311 duri
661 1259 715 1311 cdrn
727 1261 792 1309 sorte
806 1260 898 1310 marite

251 1344 306 1399 43‘0
353 1333 496 1385 Reddebant
507 1336 568 1385 uteri
580 1336 682 1403 pignora
693 1350 745 1384 rara
756 1333 800 1383 sui.

315 1405 382 1471 Quid
392 1408 449 1457 mihi
461 1440 468 1467 ,
489 1409 606 1459 clamabat
617 1441 625 1468 ,
642 1405 738 1475 prodest
747 1405 848 1472 repuill'e
859 1406 979 1471 Sabinas,

351 1481 467 1533 Romulus
481 1499 487 1533 :
500 1483 566 1542 boc,
582 1484 626 1533 illo
635 1482 730 1549 sceptra
738 1492 859 1537 tenente,
880 1480 936 1530 fuit.

314 1553 339 1603 si
351 1570 402 1604 mea
413 1573 462 1605 non
473 1558 538 1606 vires
550 1590 557 1615 ‚
575 1557 615 1606 sed
629 1558 719 1605 bellurn
729 1553 814 1619 injuria
827 1553 886 1602 fecit
898 1571 908 1611 5

350 1627 439 1676 Utilius
454 1628 531 1677 fuerat
543 1644 591 1677 non
606 1629 711 1677 babuille
726 1643 809 1677 nurus.

250 1713 302 1765 435
315 1698 403 1749 Monte
415 1700 456 1748 sub
467 1700 571 1765 Esquilio
582 1732 590 1758 ,
609 1701 690 1748 multis
702 1698 826 1748 incaeduus
837 1699 923 1759 annis,

348 1770 449 1823 Junonis
463 1787 555 1837 magne
566 1771 663 1819 nomine
677 1772 746 1819 lucus
759 1782 821 1819 erat.

313 1842 369 1897 Huc
380 1844 420 1893 ubi
433 1854 552 1894 venerunt
562 1844 653 1909 pariter
661 1857 791 1909 nuptaequc
802 1844 899 1911 *virique
910 1880 919 1907 ‚

348 1916 494 1983 Suppliciter
504 1917 586 1982 posito
598 1918 750 1984 procubuere
763 1904 838 1983 genii.

311 1986 373 2038 Ciun
388 1986 464 2040 tirbitd
475 2002 547 2040 motae
558 2003 680 2041 tremuere
693 1991 814 2040 cacumina
825 1992 913 2050 silvae,

248 2080 301 2128 440
347 2061 379 2111 Et
389 2063 444 2113 Dea
458 2081 502 2131 per
515 2066 584 2115 lucos
596 2065 655 2115 mira
668 2066 750 2115 locuta
764 2065 829 2115 suos.

299 2150 300 2153 ’
312 2135 409 2185 Italidas
419 2152 507 2187 matres
518 2148 531 2195 ‚'
542 2138 634 2204 inquit,
653 2155 726 2203 caper
735 2139 812 2188 hirtus
822 2138 894 2189 inito.

348 2207 477 2275 Obstupuit
488 2210 561 2257 dubio
571 2212 655 2259 territa
666 2212 735 2259 turba
747 2211 816 2262 sono.

310 2279 394 2347 Augur
408 2294 459 2332 etat
471 2298 479 2332 t
492 2296 579 2331 nornen
589 2283 668 2350 longis
682 2284 805 2334 intercidit
815 2282 901 2332 annis:

231 2400 234 2407 ,
347 2354 431 2419 Nuper
441 2356 471 2404 ab
482 2354 600 2405 Hetrusci
610 2369 712 2407 venerat
722 2357 787 2407 exsul
798 2358 880 2405 humo.

219 2419 224 2428 ¹
247 2443 297 2493 445
311 2426 355 2476 llle
367 2444 463 2492 caprum
474 2428 558 2477 mediat
570 2444 579 2480 t
590 2428 655 2495 juisse
667 2424 706 2482 sua
719 2442 786 2496 terga
797 2425 885 2475 marite

347 2498 452 2549 Pellibus
467 2500 566 2550 exsectis
579 2502 736 2569 percutienda
751 2501 847 2549 dabant.

309 2570 376 2621 Luna
386 2572 520 2623 resumebat
533 2574 628 2626 decimo
639 2594 702 2627 nova
716 2586 805 2623 cornua
818 2578 907 2627 motu3

344 2644 437 2713 Virque
449 2659 517 2714 pater
527 2648 624 2708 subiti,
639 2660 760 2714 nuptaque
770 2652 864 2699 mater,
880 2652 943 2699 erat,

310 2714 396 2768 Gratia
407 2718 504 2770 Lucinae
517 2738 524 2770 r
538 2722 604 2772 dedit
613 2725 665 2772 haec
675 2720 718 2768 tibi
729 2716 824 2764 nomina
835 2716 903 2766 lucus
916 2732 937 2790 3⁴

244 2809 262 2855 4
266 2806 298 2857 5ο
345 2791 395 2840 Aut
408 2794 462 2859 quia
472 2795 614 2860 principium
624 2806 651 2843 tu
663 2825 671 2848 ‚
689 2791 761 2846 Dee,
774 2790 836 2839 lucis
845 2788 936 2839 babes.

308 2862 402 2924 Parce,
420 2882 526 2933 precor,
541 2865 661 2935 gravidis,
676 2862 752 2911 facilis
764 2861 872 2923 Lucina,
887 2860 979 2930 puellis
992 2881 1005 2923 ς

343 2938 514 3007 Matururnque
524 2954 596 2990 utero
605 2937 711 2985 molliter
721 2934 782 2986 effer
793 2952 864 2989 onus.

308 3010 334 3062 0
342 3006 487 3062 itineres
499 3010 589 3067 fuerin
605 3022 633 3059 tu
645 3010 729 3060 desine
738 3010 840 3063 credere
850 3010 942 3063 ventis.

342 3082 449 3137 Perdidit
460 3086 522 3135 illius
533 3084 650 3149 temporis
661 3098 718 3137 auce
727 3083 821 3142 iidem„

909 3155 1036 3211 Flamina
