2367 3942
228 421 867 520 ansrruanru.III.213

157 533 213 592 Nec
222 542 309 594 melius
319 544 392 595 valeo
403 576 411 602 ,
423 545 494 610 quim
504 559 607 610 corpote
619 576 627 602 ,
643 556 726 594 mente
737 562 747 604 ;
759 545 799 595 sed
809 564 874 614 agra
884 545 915 595 tll

194 617 307 682 Utraque
324 631 380 681 pars
397 615 465 681 equi
477 650 485 675 ,
498 617 602 682 binaque
618 616 702 667 damna
718 619 783 668 sero.

157 686 261 750 lieret,
281 689 310 739 δι
326 701 384 739 ante
400 690 504 747 oculos,
519 691 597 740 veluti
611 689 738 755 spectabile
753 707 860 758 corpus,
881 705 911 757 35

194 760 263 811 Astur
279 762 396 813 Fortun:
410 761 487 812 sorma
503 763 606 830 legenda
623 779 692 813 mere.

144 831 271 900 *Crsmque
282 835 506 902 locum‚moresque
518 836 931 904 hominum,cultusque,sonumquc‚

194 907 325 958 Cernimus
339 924 350 966 ς
368 908 395 958 δι
408 908 466 975 quid
480 907 544 967 sim,
562 906 621 975 quid
636 908 789 974 fuerimque,
804 909 887 970 subit,

159 978 253 1031 Tantus
264 996 335 1032 amor
345 981 413 1031 necis
423 980 477 1040 est,
490 998 577 1048 querar
586 992 614 1031 ut
625 997 679 1031 cum
689 981 790 1034 Caesaris
805 982 840 1034 iri
851 999 860 1035 ι

194 1052 273 1116 Quod
288 1069 340 1104 non
355 1051 457 1104 offensas
473 1055 581 1106 vindicet
596 1053 652 1104 ense
668 1054 730 1104 suas.
880 1071 915 1118 40
943 1079 946 1086 ·

160 1125 193 1174 At
210 1125 325 1191 quoniam
341 1126 414 1176 semel
432 1125 466 1176 est
481 1127 540 1177 edio
555 1127 661 1178 civiliter
677 1126 752 1187 usus,

195 1199 317 1259 Mutato,
334 1199 414 1250 levior
427 1200 459 1250 sit
472 1198 529 1268 suga
544 1199 642 1257 nostra,
658 1202 726 1252 loco.

214 1285 868 1359 ·c÷-—---2t⁴,b-.-—--.==.-2s

253 1382 258 1388 ’
364 1400 734 1479 ΕιΕοιΑικ

161 1498 265 1616 Hic
273 1580 373 1632 quoque
381 1563 437 1620 sunt
446 1565 519 1633 igitur
526 1557 690 1631 Grajae,(quis
701 1561 845 1634 credereti)
854 1565 937 1624 urbes,

197 1637 266 1689 Inter
283 1639 418 1688 inhumanae
433 1637 531 1688 nomina
546 1637 674 1689 barbariae.

161 1708 217 1760 Huc
233 1723 332 1778 quoque
348 1712 523 1762 Mlletomissi
538 1727 630 1763 venere
646 1709 747 1768 coloni,

197 1783 276 1850 Inque
293 1783 366 1836 Getis
384 1782 473 1850 Grajas
487 1784 631 1836 constituere
648 1785 743 1836 domos.

162 1854 210 1905 Sed
223 1869 297 1907 vetus
310 1857 366 1906 huic
380 1874 488 1916 nomen,
505 1858 632 1926 positique
647 1859 767 1926 antiquius
783 1859 863 1916 urbe,
885 1851 905 1920 5'

198 1928 298 1979 Constat
314 1931 344 1978 ab
356 1930 455 1996 Absyrti
470 1932 536 1980 caede
551 1930 638 1987 luisse,
658 1932 725 1980 loco.

164 2000 224 2050 Nam
238 2014 315 2059 rate,
333 2018 387 2066 quae
401 2003 459 2050 curi
470 2002 587 2066 pugnacis
602 2001 664 2049 sasla
677 2002 797 2051 Minervae
811 2033 819 2060 ,

198 2072 245 2124 Per
260 2089 314 2123 non
328 2083 436 2121 tentatas
451 2072 527 2136 prima
542 2072 649 2124 cucurrit
662 2087 756 2137 aqueas

163 2145 237 2211 lmpia
251 2144 377 2196 desertum
392 2143 486 2210 fugiens
501 2142 592 2193 Medea
606 2156 749 2208 parentem,

198 2220 298 2269 Dicitur
314 2217 353 2268 his
368 2232 450 2267 remos
464 2215 602 2283 applicuisse
616 2215 692 2266 vadis.
884 2233 917 2269 lo

164 2290 245 2356 Quem
259 2290 348 2358 procul
362 2301 391 2339 ut
404 2288 466 2349 vidit
479 2291 575 2338 tumulo
591 2289 728 2354 speculator
742 2289 772 2340 ab
786 2291 857 2350 nlt03

199 2363 315 2430 Hospes,
331 2363 384 2422 ait,
399 2361 490 2421 nosco,
506 2361 647 2420 Colchide,
662 2363 734 2421 vela,
751 2364 827 2414 venit.

163 2435 231 2486 Dum
245 2437 368 2503 trepidant
384 2434 496 2502 Minya,
513 2435 569 2485 dum
582 2434 683 2486 solvitur
697 2451 785 2504 aggere
800 2437 881 2496 sunia,

199 2508 266 2559 Dum
278 2508 387 2575 sequitur
399 2510 494 2558 celeres
509 2508 616 2558 anchora
631 2506 705 2558 trasia
721 2527 826 2570 manus3

164 2578 268 2632 Conscia
281 2577 403 2647 percussit
415 2582 556 2634 meritorum
571 2581 670 2645 peslero
684 2580 803 2642 Colchis,
886 2595 915 2643 15

201 2654 268 2704 Ausi
284 2667 356 2722 atque
373 2653 457 2704 ausuri
470 2655 544 2704 multa
561 2653 664 2703 nelanda
680 2671 760 2705 mano.

164 2725 216 2783 Et,
232 2743 373 2794 quamquam
389 2727 494 2794 superest
508 2728 593 2794 ingens
608 2727 707 2778 audacia
721 2727 816 2787 menti,

200 2798 283 2850 Pallor
298 2801 322 2848 in
337 2800 441 2849 attonito
455 2800 555 2866 virginis
571 2815 615 2850 ore
633 2799 709 2850 sedet.

167 2872 234 2940 Ergo
249 2872 291 2921 nbi
304 2872 426 2938 prospexit
438 2872 560 2923 venientia
576 2873 631 2921 vela
644 2888 654 2929 3
671 2873 819 2927 Tenemur,

201 2945 235 2994 Et
249 2956 320 3011 pater
333 2944 366 2994 est
378 2944 457 3011 aliqui
473 2945 558 2996 fraude
574 2943 723 3001 morandus,
740 2942 785 2992 ait.
883 2954 917 2990 ιο
957 2939 963 2956 ‘

166 3018 233 3068 Dum
244 3051 252 3077 ,
266 3018 323 3084 quid
332 3029 388 3084 agat
399 3049 406 3075 ,
418 3018 504 3084 querit
515 3049 524 3076 ‚
534 3018 590 3067 dum
600 3000 681 3066 versas
689 3015 714 3066 in
725 3014 806 3068 omnia
816 3012 918 3088 vultusj

200 3091 242 3143 Ad
255 3091 356 3144 fratrem
371 3089 427 3144 calu
442 3089 531 3142 lumina
544 3089 607 3141 llexa
620 3087 686 3142 tulit·
