2367 3942
218 426 359 495 Enisa.
385 442 442 493 ex
471 427 614 496 Pouro
642 425 681 494 L.
707 426 731 493 I
739 432 780 497 V.
808 430 878 522 361

174 548 324 613 Finilumque
341 559 429 601 tuum,
447 543 466 592 si
484 561 532 592 non
549 544 664 602 ratione,
682 545 791 596 dolorem

212 620 265 685 lpsi
281 618 434 685 jampridem
451 616 554 681 suspicor
570 615 621 666 effe
634 618 710 667 mord.

136 706 138 710 ’
176 692 242 741 Dum
257 704 298 740 tua
314 691 441 755 pervdnit,
458 689 513 737 dum
528 690 600 739 litora
616 690 694 739 nostra
708 708 835 742 recurrens
863 705 866 711 ’
894 708 926 759 15

211 765 263 814 Tot
279 764 351 813 maria
368 781 395 813 ac
411 768 487 811 ferras
504 775 633 827 permeat,
650 780 725 813 annus
740 766 800 813 abit.

100 830 101 837 ¹
176 836 306 902 Temporis
324 834 445 893 efficium,
462 832 544 884 solatia
561 835 661 895 dicere,
681 838 742 887 certi
758 838 810 896 est,

212 910 279 958 Dum
290 909 360 959 dolor
370 910 393 958 in
405 908 473 957 cursu
485 907 517 957 est
529 942 536 966 ,
551 908 607 957 dum
617 910 678 973 petit
689 925 846 978 aeget,opem.

175 982 210 1033 At
227 980 280 1031 caim
297 984 369 1049 longa
387 982 438 1031 dies
454 980 545 1029 sedavit
559 982 659 1032 vulnera
675 984 782 1041 mentis,

212 1054 381 1121 intempestive
396 1055 436 1121 qui
453 1054 522 1102 fovet
538 1053 599 1109 illa,
615 1067 699 1105 novat.
893 1073 927 1106 20

174 1128 246 1177 Adde
258 1129 322 1193 quod
334 1163 340 1185 ,
357 1140 429 1193 atque
441 1126 529 1175 utinam
540 1143 623 1175 verum
634 1129 678 1177 tibi
689 1130 786 1180 venerit
796 1146 867 1180 omen
881 1130 887 1178 l

214 1200 340 1267 Conjugio'
352 1202 409 1251 felix
423 1198 470 1267 jam
483 1210 554 1265 potes
570 1199 617 1249 effe
634 1217 710 1252 novo.

535 1309 586 1340 Ὢ·

238 1330 882 1381 effa-&m

310 1398 653 1513 Ep'lsTQL'A
702 1428 811 1492 XII.

389 1552 750 1615 runcano.

177 1641 301 1799 Quo
319 1704 394 1757 mimis
410 1709 435 1757 in
451 1706 534 1758 nostris
550 1707 665 1773 ponaris,
684 1710 779 1769 amice,
797 1709 900 1769 libellis,

249 1780 360 1831 Nominis
378 1778 480 1832 efficitur
497 1780 636 1831 conditione
653 1784 699 1832 tui.

134 1858 137 1863 '
175 1853 217 1903 Ast
233 1870 280 1921 ego
297 1870 345 1903 non
362 1856 434 1903 alium
451 1852 514 1921 pride
530 1854 577 1903 hoc
594 1856 705 1923 dignarer
718 1857 836 1915 honore3

212 1926 251 1975 Est
266 1924 350 1993 aliquis
365 1926 469 1976 nostrum
485 1929 505 1976 si
523 1927 596 1977 modd
612 1945 708 1977 carmen
721 1931 808 1979 honos.

174 1988 226 2048 Leia
243 2000 310 2065 pedis
328 1997 427 2057 officio,
443 2011 574 2063 naturaque
590 2000 710 2059 nominis,
729 2000 840 2051 obstant:
909 2014 924 2063 5

211 2072 322 2149 Quique
331 2088 399 2121 meos
416 2070 503 2129 adeas,
522 2062 557 2119 esl'
567 2070 606 2121 via
621 2074 704 2130 nulla,
721 2073 816 2123 modos.

174 2147 237 2195 Nam
254 2144 329 2209 pudet
343 2144 367 2193 in
384 2144 491 2211 geminos
508 2144 541 2193 ita
556 2144 752 2197 uomenfindere
767 2145 869 2206 versus,

211 2217 315 2267 Desinat
332 2229 359 2273 ut
376 2217 441 2283 prior
457 2215 523 2274 hoc,
540 2217 688 2284 incipiatque
703 2218 789 2267 minor.

173 2290 206 2341 Et
223 2290 330 2355 pudeat,
344 2290 364 2340 si
379 2302 404 2339 te
417 2323 425 2347 ,
439 2290 485 2357 qub
501 2290 589 2355 syllaba
606 2303 674 2355 parte
690 2303 816 2350 moratur,

210 2361 305 2413 Ardids
320 2364 458 2428 appellem,
473 2362 668 2429 Tuticanumque
684 2380 781 2414 vocem.
894 2376 927 2412 10

109 2480 122 2493 ,
172 2438 228 2488 Nec
242 2447 314 2501 potes
329 2436 354 2485 in
369 2435 461 2485 versum
478 2434 591 2485 Tuticani
608 2453 675 2484 more
688 2436 792 2497 venile,

210 2508 263 2558 Fiat
277 2521 304 2558 ut
320 2525 333 2558 e
350 2509 422 2576 longa
437 2508 525 2579 syllaba
541 2509 617 2574 prima
630 2509 720 2560 brevis.

100 2590 101 2595 ’
172 2580 227 2630 Aut
241 2582 406 2645 producatur,
426 2598 479 2647 quae
493 2598 557 2630 nunc
574 2580 707 2647 correptids
721 2582 793 2640 enit3

212 2650 245 2701 Et
258 2653 290 2702 sit
304 2654 413 2719 porcelli
426 2654 499 2721 longa
516 2652 618 2703 secunda
632 2655 708 2705 moab.

173 2726 224 2777 His
243 2740 290 2790 ego
306 2728 326 2776 si
342 2728 406 2778 vitiis
422 2726 497 2776 ausim
514 2742 668 2791 corrumpere
687 2744 797 2788 nomen,
892 2740 903 2777 ι
909 2742 922 2789 5

212 2797 321 2856 Rideat,
340 2799 365 2849 δι
382 2798 468 2850 meritd
483 2799 565 2867 pellus
580 2801 671 2850 habere
687 2815 771 2867 neget.

174 2872 239 2923 Haec
255 2870 313 2919 mihi
328 2872 395 2921 causa
410 2874 455 2923 fuit
472 2872 540 2937 dilati
556 2873 660 2923 muneris
676 2872 766 2938 hujus,

215 2943 292 3007 Quod
307 2959 389 3001 meus,
406 2944 500 3009 adjello
516 2945 617 3003 fenore,
633 2944 719 2995 reddet
732 2962 799 3012 ager.

174 3019 264 3081 Teque
277 3032 358 3064 canam
370 3033 516 3083 quacumque
526 3016 584 3066 noti
597 3034 604 3067 ι
616 3018 660 3067 tibi
672 3019 774 3068 carmina
783 3017 873 3067 mittam
885 3048 893 3075 ‚

213 3088 287 3141 Paene
304 3088 361 3138 mihi
377 3105 454 3153 puero
471 3090 568 3159 cognite
584 3107 653 3157 paene
668 3106 737 3158 puer.
894 3104 927 3138 20

241 3162 325 3216 Tamus
344 3160 361 3213 Ι
364 3160 380 3212 Ι
385 3160 408 3240 ζ.
813 3162 838 3227 Q
