2367 3942
265 521 802 591 FAsronvmlrml,
854 542 904 617 39

200 638 253 690 lnde
264 640 360 691 domum
369 653 483 705 repetens
494 641 591 706 puppim
604 642 744 692 conscendit
753 642 832 693 Arion
841 660 852 702 ς
914 656 947 707 95

233 714 311 779 Atque
324 715 358 763 ita
372 715 483 781 quaesitas
496 726 549 764 arte
564 714 659 765 serebat
670 732 740 780 opes.

199 785 321 846 Forsitan,
337 788 439 845 infelix,
454 803 543 838 ventos
555 788 692 853 undamque
704 790 806 841 timebas
818 803 828 843 s

231 861 264 909 At
274 861 318 910 tibi
327 876 388 910 nave
399 862 441 910 tuit
449 862 524 911 tutius
535 878 618 927 aequor
632 877 694 913 erat.

196 932 304 999 Namque
320 934 465 1000 gubernator
477 934 588 985 delirislo
597 936 704 985 tonllitit
717 936 793 995 ense,

221 1004 372 1072 .Ceteraque
385 1008 470 1057 armati
483 1009 577 1058 conscia
589 1010 660 1058 turba
675 1026 755 1059 manu.
916 1024 967 1060 too

195 1076 261 1142 Quid
274 1080 318 1128 tibi
333 1096 386 1129 curn
399 1080 501 1147 gladio?
519 1082 614 1131 dubiam
628 1099 707 1149 rege,
724 1082 820 1142 navita,
836 1083 930 1148 pinum.

230 1154 287 1202 Non
302 1153 352 1204 sunt
367 1153 418 1203 haec
434 1156 515 1221 digitis
529 1172 595 1204 arma
609 1157 715 1205 tenenda
726 1158 785 1207 tuis.

193 1224 236 1275 llle
250 1239 316 1277 metu
329 1244 439 1285 vacuus,
456 1224 564 1277 Mortem
580 1245 629 1278 non
641 1229 779 1295 deprecor,
796 1229 896 1296 inquits

229 1300 277 1348 Sed
288 1301 378 1358 liceat,
398 1301 471 1351 sumti
485 1335 492 1360 ,
513 1313 588 1368 pauca
600 1302 712 1359 referre,
728 1304 790 1369 lyri-
855 1343 860 1350 .

193 1370 259 1421 Dant
268 1374 376 1432 veniam,
387 1375 516 1441 ridentque
525 1390 625 1425 moram.
637 1374 711 1439 Capit
720 1377 760 1424 ille
771 1381 904 1433 coronant,
919 1390 948 1425 to
953 1390 966 1438 5
1065 1405 1069 1411 ·

229 1445 291 1510 Quae
302 1449 379 1512 possit
390 1448 470 1495 crines
482 1480 489 1504 ‚
506 1446 615 1505 Phoebe,
631 1450 719 1497 decere
731 1462 800 1499 tuor.

192 1517 303 1569 Induerat
315 1521 396 1587 Tyrio
408 1520 444 1569 bis
455 1518 551 1568 tinstam
562 1521 654 1569 murice
669 1522 776 1585 pallane

227 1592 341 1642 Reddidit
359 1593 404 1641 isla
418 1592 472 1640 suos
484 1592 574 1655 pollice
587 1592 678 1639 chorda
690 1592 772 1643 sonos.

189 1664 208 1715 F
211 1665 323 1714 lebilibus
335 1663 414 1714 veluti
427 1663 551 1721 numeris,
568 1664 678 1712 canentia
691 1664 750 1715 duri

225 1736 357 1801 Trajesius
368 1738 448 1802 pennal
458 1750 567 1803 tempora
580 1770 587 1794 ‚
606 1750 687 1786 cantat
697 1740 761 1790 olor.
919 1752 969 1789 110

189 1809 305 1861 Protinus
320 1812 343 1858 in
357 1809 448 1860 medias
460 1824 558 1860 ornatus
571 1810 651 1861 desilit
663 1812 747 1862 undas.

224 1884 352 1951 Spargitur
362 1885 462 1949 impulsi
471 1898 472 1904 ¹
480 1886 565 1933 caerula
578 1887 665 1951 puppis
676 1886 746 1951 aquai.

187 1956 247 2006 lnde
255 1988 268 2014 -,
286 1954 334 2006 fide
345 1957 441 2022 majus,
461 1970 531 2025 tergo
542 1959 665 2025 Delphina
679 1974 785 2008 recurvo

225 2030 257 2079 Se
272 2044 408 2080 memorant
424 2032 493 2080 oneri
509 2032 654 2096 supposuisse
668 2042 742 2081 noro.

188 2102 233 2152 llle
245 2104 333 2153 sedens
347 2104 512 2169 citharamque
524 2116 593 2153 tenet
605 2138 611 2160 ,
625 2106 775 2171 pretiumque
786 2104 901 2155 vetend'
915 2120 964 2168 115

225 2178 336 2231 Cantor,
356 2177 382 2225 &
397 2191 522 2241 equoreas
538 2176 642 2224 carmine
658 2178 748 2225 mulcet
761 2195 845 2243 aquas.

189 2248 224 2299 Dl
234 2251 273 2314 pia
287 2249 348 2298 fasla
360 2249 445 2297 vident
457 2264 464 2299 s
477 2248 541 2297 alitis
553 2248 676 2315 Delphina
688 2251 783 2317 recepit

224 2323 358 2389 luppiter,
378 2320 491 2372 &stellas
507 2321 577 2386 jussit
589 2324 679 2373 habere
694 2341 792 2374 novem.
857 2356 863 2365 ·
1061 2369 1067 2382 ,

188 2393 286 2446 NUNC
296 2395 354 2445 mihi
364 2395 429 2445 mille
440 2396 525 2453 sonos,
537 2412 634 2463 quoque
643 2397 676 2445 est
685 2410 831 2452 memoratus
839 2398 965 2457 Achilles,

227 2471 325 2519 Vellem
338 2504 346 2528 ,
364 2470 510 2526 Maeonide‚
527 2470 610 2534 peslus
622 2470 694 2519 inesse
705 2483 784 2519 tuum.
914 2488 965 2522 tro

114 2537 116 2591 J
189 2542 256 2591 Dum
270 2543 378 2591 canimus
393 2542 470 2592 sacras
481 2543 575 2593 alterno
589 2542 684 2607 pestine
698 2544 802 2602 Nonas,
894 2552 901 2570 ¹

115 2606 116 2621 ¹
228 2613 239 2677 s
250 2616 370 2666 Maximus
381 2616 437 2665 hinc
449 2616 519 2665 Fastis
530 2618 695 2666 accumulatur
704 2617 793 2668 honos.
806 2620 818 2687 )

188 2686 282 2739 Deficit
293 2690 417 2757 ingenium
429 2722 437 2747 ,
457 2688 595 2755 majoraque
605 2690 695 2739 viribus
704 2704 801 2758 urgent.

226 2761 288 2811 Haec
302 2764 360 2811 milii
374 2764 498 2829 praecipuo
513 2761 546 2811 cll
558 2779 602 2812 ore
617 2764 724 2813 canenda
739 2766 801 2815 dies.

114 2850 116 2893 t
188 2832 257 2898 Quid
270 2836 338 2885 volui
350 2836 448 2885 demens
462 2835 540 2903 Elegit
554 2836 679 2900 imponere
690 2849 784 2886 tantum
915 2848 964 2898 125

224 2907 344 2958 Ponderis
356 2908 365 2957 i
385 2909 456 2959 heroi
466 2925 505 2958 res
517 2922 568 2957 erat
579 2909 620 2958 isla
630 2910 708 2976 pedit.

186 2980 276 3030 Sansle
291 2980 363 3031 Pater
375 2980 462 3031 Patriae
474 3016 481 3041 ‚
498 2982 540 3031 tibi
552 2981 623 3032 Plebs
636 3018 642 3040 ‚
661 2984 704 3032 tibi
717 2979 793 3030 Curia
803 2986 901 3030 nomen‘

225 3054 284 3104 Hoc
297 3055 363 3103 dedit
375 3072 382 3111 ;
398 3055 447 3105 hoc
458 3056 565 3105 dedimus
577 3074 621 3104 nos
631 3056 676 3104 tibi
687 3070 775 3103 nomen
786 3053 877 3118 Eques.

186 3125 236 3177 Res
248 3141 332 3177 tamen
343 3140 399 3177 ante
411 3128 485 3178 dedit.
500 3126 558 3179 Serti
570 3144 667 3193 quoque
678 3144 735 3175 vera
748 3126 821 3175 tulisti

222 3202 354 3253 Nomina-z·
362 3199 411 3268 jaan
423 3202 515 3267 pridem
525 3216 551 3252 tu
562 3200 633 3251 Pater
643 3202 709 3251 orbis
720 3215 784 3250 eras.
857 3233 868 3247 t
915 3207 967 3260 130
