2367 3942
259 430 789 507 Farronvnlrnslsl,
840 456 912 531 155

199 554 332 606 Exciderat
346 570 437 610 cunu,
451 552 558 620 lorisque
572 554 723 604 morantibus
739 566 823 612 artus,

236 628 404 696 Hippolytus,
419 628 502 676 lacero
519 642 641 691 corpore,
658 638 739 691 raptus
756 641 827 686 erest
885 656 888 665 ν

199 701 400 765 Reddideratque
409 699 527 758 animaru,
546 701 648 749 multum
659 700 799 768 indignante
811 700 900 753 Dianit.
919 718 986 767 745²

238 775 330 832 Nulla,
350 772 510 831 Coronides,
527 772 596 822 causa
615 773 725 831 doloris,
744 774 786 823 ait.

89 877 93 881 Α
201 849 313 913 Namque
328 847 370 913 pio
386 845 469 913 juveni
486 846 559 895 sitam
575 846 628 895 sine
645 847 746 897 vulnere
763 847 880 907 reddam,

238 921 272 971 Et
281 919 376 969 cedent
392 918 438 968 arti
451 918 524 968 tristia
541 919 592 968 sata
607 934 676 969 meae.

203 978 321 1045 Grattius
334 988 453 1042 continui>
467 992 555 1041 loculis
570 992 690 1057 depromit
703 992 819 1051 ebumis;

238 1066 329 1117 Prosue
373 1077 384 1114 t
401 1063 490 1117 Glauci
505 1065 619 1115 Manibus
634 1065 675 1114 illa
690 1063 755 1131 priris
767 1081 775 1123 ;
921 1083 976 1130 750

202 1140 295 1198 Tunc,
313 1082 373 1189 cni
383 1137 519 1189 observatas
535 1151 612 1206 augur
628 1138 752 1189 descendit
766 1140 792 1188 in
805 1140 892 1191 berbas
901 1156 925 1200 3⁴

238 1212 304 1263 Usus
322 1213 348 1262 dt
361 1211 452 1262 auxilio
466 1211 501 1261 esi
515 1213 600 1282 anguis
613 1212 644 1261 ab
660 1222 738 1279 angue
754 1213 821 1262 dato.

202 1284 305 1337 Peslora
320 1297 359 1336 ter
373 1284 473 1351 tetigit,
489 1296 527 1335 ter
542 1286 618 1334 verba
634 1284 734 1336 salubria
751 1286 832 1344 diritt

237 1358 386 1424 Depositum
399 1357 465 1408 terrai
477 1358 569 1410 sustulit
583 1358 626 1407 ille
641 1370 723 1423 caput.

201 1431 283 1481 Lucus
293 1448 368 1490 eum,
387 1431 540 1496 nemorisque
549 1429 606 1489 tui,
624 1430 764 1499 Didyma,
781 1430 885 1485 recessus
922 1447 974 1498 755

239 1505 332 1555 Celat:
350 1504 448 1555 Aricino
463 1504 561 1556 Virbius
577 1504 618 1552 ille
635 1505 698 1553 lacu.

201 1578 236 1628 At
255 1576 389 1646 Clymenus
405 1577 547 1643 Clothoque
561 1576 664 1632 dolent,
681 1576 734 1647 baec
749 1574 788 1625 fila
802 1575 903 1640 reneri,

238 1650 287 1700 Hic
304 1649 357 1700 fieri
373 1651 441 1717 regni
457 1650 511 1717 jura
525 1650 618 1699 minora
633 1649 676 1699 sui.

200 1723 333 1790 luppiter,
347 1726 483 1789 exemplum
497 1723 606 1782 veritus,
625 1721 712 1773 direxit
726 1721 749 1771 in
765 1722 832 1772 illum

239 1796 368 1854 Fulmina,
383 1798 423 1862 qui
438 1796 517 1847 nimiae
532 1808 641 1846 moverat
657 1797 714 1846 artis
728 1812 810 1861 opem.
922 1793 976 1861 760

201 1868 316 1927 Phoebe,
336 1871 484 1935 querebaris.
502 1870 573 1920 Deus
589 1870 623 1939 esi
635 1884 642 1919 t
654 1872 749 1936 placare
763 1866 866 1933 parenti.
917 1894 921 1901 ·

238 1942 344 2009 Propter
359 1954 403 2001 te,
419 1942 473 1993 fieri
487 1944 553 2008 quod
567 1954 656 2000 vetat,
672 1942 722 2007 ipse
738 1942 806 1991 sarit.

201 2015 288 2067 NON
301 2032 353 2082 ego
361 2026 404 2067 te,
423 2017 530 2080 quamvis
538 2015 679 2080 properabis
691 2014 805 2073 vincere,
821 2012 900 2063 Cesar
912 2046 919 2073 ,

231 2090 263 2155 ⁸Si
278 2099 350 2138 vetet
363 2087 510 2151 auspicium,
525 2088 595 2153 signa
609 2102 708 2135 movere
723 2087 806 2136 velim.

202 2162 253 2213 Sint
263 2162 308 2211 tibi
319 2160 339 2209 F
340 2158 447 2208 laminius
459 2190 467 2217 ,
481 2160 693 2227 Thrasymenaque
703 2159 774 2208 litora
786 2193 793 2217 ,
810 2158 882 2211 telles
894 2190 901 2220 ,
921 2159 972 2225 765

204 2230 208 2235 ’
239 2234 286 2285 Per
300 2234 415 2285 volucres
431 2246 514 2300 aequos
530 2234 605 2283 multa
619 2248 720 2283 monere
734 2232 813 2283 Deos.

204 2307 327 2374 Tempora
344 2307 365 2357 si
381 2307 578 2374 vetetisqroeris
589 2307 716 2357 temeraria
731 2307 832 2365 damni3

241 2379 349 2441 Quartus
366 2382 395 2430 ab
413 2393 523 2431 extremo
537 2380 621 2431 mense
630 2381 673 2430 1bis
690 2380 731 2429 ille
747 2380 807 2430 dier.

204 2452 360 2503 losrssltl
378 2456 419 2503 lux
435 2455 521 2504 melior
532 2470 540 2506 t
552 2454 647 2520 superat
664 2453 784 2505 Masinissa
801 2453 956 2521 Syphacemt

241 2525 273 2574 Et
288 2525 377 2576 cecidit
393 2527 449 2577 telis
464 2527 600 2578 Hasdrubal
617 2527 668 2593 ipse
685 2527 757 2577 snitu
922 2542 975 2592 770

206 2596 374 2649 TEMPORA
389 2602 519 2658 labuntur,
539 2601 668 2669 tacitisque
683 2600 824 2651 senescimus
841 2598 907 2649 annis
920 2615 931 2656 t

241 2672 273 2721 Et
288 2672 401 2739 fugiunt,
422 2674 492 2723 sreno
506 2690 556 2723 non
570 2682 729 2731 remorante,
748 2674 811 2724 dies.
847 2684 871 2707 a.

208 2744 286 2809 Quint
301 2743 351 2795 citd
366 2758 487 2796 venerunt
502 2746 616 2796 Fortunae
627 2746 710 2815 ¹Fortis
726 2746 834 2795 bonores
848 2744 855 2795 l
889 2762 891 2765 ·

241 2816 296 2868 Post
313 2818 487 2884 leptemluees
504 2818 591 2871 iunius
607 2819 673 2884 allus
693 2818 750 2871 erit.¹

206 2892 262 2947 lte,
279 2892 357 2940 Deam
371 2893 420 2941 leti
434 2892 532 2943 liortern
549 2893 674 2942 celebrate
686 2896 702 2950 ,'·
715 2890 848 2957 Quirites:
922 2904 974 2956 775

239 2965 269 3014 ln
285 2964 389 3015 Tiberis·
399 2966 459 3031 ripis.
466 2982 567 3017 munera
577 2966 660 3033 'Regis
671 2966 760 3014 ‹hobeu

205 3037 260 3090 Pars
278 3038 361 3103 pede,
378 3055 433 3104 pars
449 3038 521 3089 etiam
534 3040 610 3091 celeri
628 3038 749 3105 decttrrite
768 3035 869 3105 cyathi:

240 3112 297 3163 Nec
314 3111 404 3178 pudeat
418 3112 566 3180 potoslode
580 3112 661 3166 redire
668 3111 783 3165 domurn.
805 3180 829 3233 G
863 3179 870 3192 ¹

846 3198 871 3249 Vl
