2367 3942
222 384 667 457 Fasrosnnnrn.
694 387 764 456 VI
804 405 872 478 141

157 500 228 553 Festa
248 498 301 553 dies
317 503 384 563 illis,
406 504 447 570 qui
465 504 513 552 lina
529 500 651 553 madentia
665 487 776 566 ducunt,
856 514 858 520 '

196 574 300 641 Quique
316 587 404 643 tegunt
421 577 501 641 parvis
519 593 567 626 aera
585 593 687 625 recurva
706 578 773 629 cibis.
884 594 936 641 240

158 646 272 697 MENS
286 664 385 714 quoque
394 665 484 698 numen
495 650 578 699 habet.
591 649 674 699 Menti
686 650 784 701 delubra
794 651 901 707 videmus

196 720 268 771 Vota
285 733 353 770 metu
369 720 449 779 belli,
465 719 559 787 perfide
572 719 668 779 Poene,
684 723 728 773 tui.
751 732 754 739 ’

159 790 258 851 Poene,
276 794 408 843 rebellatae
421 809 429 843 s
442 793 467 843 δι
483 795 535 843 leto
554 793 665 843 Consulis
683 811 766 847 omnes

195 864 307 915 Attoniti
320 864 422 916 Mauras
438 867 586 932 pertimuere
602 883 695 917 manus.

159 937 237 1002 Spem
252 934 332 987 metus
352 941 498 1004 expulerat,
519 936 573 988 clun
588 938 670 989 Menti
685 951 744 989 vota
763 940 864 993 Senatus
884 956 934 1005 245

196 1009 324 1075 suscipies
342 1010 369 1059 δι
385 1012 471 1061 melior
488 1012 599 1078 protinus
616 1012 656 1061 illa
672 1014 750 1065 venit.

163 1081 258 1148 Aspicit
277 1082 390 1133 instanoes
407 1084 493 1134 mediis
509 1084 551 1135 sex
567 1084 659 1135 lucibus
676 1085 731 1135 ldus

197 1157 244 1204 llla
262 1156 336 1217 dies,
358 1155 404 1221 qud
422 1157 476 1207 sunt
490 1168 548 1207 vota
563 1158 640 1207 soluta
658 1158 730 1209 Deae.

164 1228 240 1279 VES
248 1228 302 1278 TA
316 1261 325 1287 ,
341 1227 397 1277 fave
410 1245 418 1279 ε
430 1229 474 1279 tibi
488 1246 551 1279 nunc
564 1242 665 1295 operata
677 1229 818 1283 resolvimus
832 1246 894 1290 ora,

200 1301 240 1350 Ad
255 1313 299 1351 tua
311 1302 332 1350 si
349 1302 418 1352 nobis
435 1302 501 1351 sacra
516 1304 600 1353 venire
618 1303 693 1355 licet.
884 1319 936 1368 250

166 1374 194 1422 ln
211 1390 285 1440 prece
305 1386 372 1424 totus
389 1391 475 1424 eram.
468 1391 475 1402 ·
486 1375 591 1426 eoelestia
609 1376 704 1429 numina
721 1375 801 1435 sensi,
884 1388 885 1391 ’

200 1447 316 1514 Laetaque
330 1464 453 1511 purpurea
469 1449 525 1497 luce
543 1447 638 1497 refulsit
654 1448 748 1499 humus.

167 1520 222 1571 Non
239 1520 352 1589 equidem
368 1520 440 1578 vidi,
459 1520 557 1568 valeant
572 1518 697 1571 mendacia
712 1531 812 1579 vatum,

201 1592 260 1653 Te,
277 1594 353 1651 Dea;
370 1608 418 1641 nee
436 1591 517 1641 fueras
532 1589 706 1656 aspicienda
683 1608 744 1642 vrso.

167 1667 213 1717 Sed
230 1683 284 1734 quae
297 1666 450 1723 nescierant,
471 1674 620 1730 quorumque
639 1679 722 1713 errore
737 1666 900 1725 tenebar,2
885 1682 934 1729 55

201 1739 306 1807 Cognita
320 1738 393 1797 sunt,
415 1736 484 1791 nullo
499 1736 677 1803 precipiente,
698 1738 764 1788 milri.

168 1811 236 1862 Dena
255 1824 342 1877 quater
358 1822 494 1864 memorent
511 1808 614 1866 habuille
633 1808 716 1863 Palilia
734 1810 854 1871 Romam.

202 1882 263 1934 Cism
277 1884 379 1933 flammae
395 1881 475 1933 custos
492 1882 543 1933 aede
559 1894 660 1947 recepta
677 1883 716 1932 sud
733 1882 776 1935 est.

170 1958 239 2025 Regis
255 1974 316 2023 opus
334 1955 442 2020 placidi,
460 1972 509 2021 quo
526 1972 576 2005 non
592 1956 740 2008 metuentius
756 1958 830 2013 ullum

202 2031 311 2079 Numinis
327 2029 451 2095 ingenium
468 2041 535 2080 terra
550 2027 638 2080 Sabina
654 2027 728 2077 tulis·
884 2030 936 2080 260

167 2103 228 2167 Quae
245 2120 310 2153 nunc
327 2118 377 2151 aere
394 2101 481 2157 vides,
502 2099 585 2165 stipulis
600 2112 657 2167 tuqc
676 2099 739 2151 tetta
755 2101 872 2161 videres;

202 2178 233 2226 Et
246 2178 329 2243 paries
344 2175 414 2223 lento
429 2173 517 2223 vimine
533 2184 617 2223 textus
633 2184 693 2223 erat.

163 2250 212 2300 llic
228 2250 296 2300 locus
314 2248 436 2313 exiguus,
454 2245 494 2311 qui
511 2244 605 2295 sustinet
622 2246 682 2305 atria
698 2243 798 2305 Veste.

200 2323 271 2372 'l'une
285 2331 339 2371 erat
353 2317 444 2370 intonsi
457 2316 523 2384 regie
539 2334 624 2384 magna
640 2318 735 2367 Numae.

167 2397 250 2447 forma
259 2407 343 2449 tamen
353 2390 438 2457 templi
449 2422 458 2447 ,
473 2383 525 2456 quse
535 2406 601 2439 nunc
612 2401 693 2439 manet
704 2422 712 2449 ‚
729 2389 863 2441 antefuisse
883 2391 916 2445 26
922 2406 933 2453 5

201 2468 319 2517 Dicitur·
333 2466 359 2515 dt
375 2464 458 2514 formae
470 2463 542 2515 seusa
557 2463 680 2529 probanda
697 2462 780 2513 subest.

166 2539 237 2593 Vesta
247 2540 335 2591 eadem
345 2536 397 2595 est
411 2552 466 2603 quse
475 2535 571 2590 Terra
584 2534 661 2589 subest
670 2535 745 2601 vrgrl
738 2552 799 2607 rgnss
810 2536 915 2603 utrique.

200 2611 339 2679 Significant
356 2610 437 2659 sedem
453 2622 518 2658 terra
534 2608 652 2675 focusque
668 2608 741 2657 suam.

168 2684 243 2734 Terra
258 2684 314 2749 pilae
331 2682 437 2740 similis,
459 2674 526 2730 nullo
541 2680 664 2728 fulcimine
681 2680 758 2733 nixa.

201 2757 266 2808 A'e‘re
284 2753 412 2817 subicito,
428 2766 477 2808 tam
492 2769 567 2820 grave
581 2752 672 2817 pendet
685 2768 758 2801 unus.
882 2768 935 2819 ²70

169 2829 219 2897 lpse
234 2828 372 2879 volubilitas
388 2827 499 2885 libratum
516 2824 611 2874 sustinet
626 2825 730 2873 orbem:

202 2903 300 2967 Quique
317 2912 411 2966 premat
425 2911 524 2964 partes,
544 2896 644 2963 angulus
660 2896 737 2945 omnis
752 2894 826 2950 alseii.

167 2976 275 3043 cumque
291 2974 323 3024 sit
339 2972 364 3021 in
378 2971 456 3021 media
471 2987 551 3021 rerum
566 2970 668 3035 regione
685 2968 783 3029 locate,

133 3048 136 3055 “
201 3049 233 3105 Et
244 3059 329 3120 tangat
346 3045 440 3098 nullum
454 3044 539 3115 plusve
553 3043 662 3097 minusve
679 3040 763 3103 latuss
