2367 3942
259 400 568 475 Fasronvnt
595 404 701 477 Lrn.
728 412 769 479 V.
824 429 894 505 123

186 528 259 577 Scena
269 525 332 574 levis
344 523 420 573 decet
429 522 491 571 hanc
503 537 510 572 2
522 520 629 581 nonest,
642 524 698 573 milti
708 525 817 585 credite,
829 528 922 577 nonest

219 600 263 648 llla
277 598 437 647 cothurnatas
454 595 518 643 inter
534 595 643 644 habenda
657 597 733 647 Deas.

186 671 266 721 Turba
282 669 382 736 quidem
400 684 443 717 cur
457 668 502 717 hos
519 668 645 717 celebrent
657 670 793 721 meretricia
807 672 895 732 ludos,

220 743 278 793 Non
289 760 322 791 ex
333 738 422 790 difficili
434 740 506 812 causa
514 742 619 805 petenda
631 740 716 793 subest.
751 756 752 761 ’
905 759 956 811 350

187 816 242 865 Non
256 815 290 865 est
304 814 334 865 de
347 813 459 871 tetricis,
476 829 526 862 non
536 814 570 863 est
580 814 611 863 de
622 830 706 881 magna
718 816 833 881 professis
846 833 855 869 c

219 887 282 940 Vult
296 887 338 938 sua
355 880 458 951 Plebejo
476 886 541 935 sacra
557 899 642 952 parere
660 889 746 940 choro.

188 962 218 1011 Et
232 973 316 1010 monet
331 959 410 1023 aetatis
427 958 526 1024 specie,
546 959 601 1009 dum
616 959 721 1020 floreat,
739 962 794 1021 uti;

221 1034 352 1084 Contemni
368 1032 475 1098 spinam,
497 1049 550 1082 curn
567 1033 679 1083 cecidere
694 1035 765 1089 roser.
834 1090 838 1095 ,

188 1104 236 1157 Cur
250 1119 351 1164 tamen,
369 1119 397 1155 ur
410 1106 497 1155 dantur
512 1104 590 1155 vestes
609 1104 750 1159 Cerealibus
765 1110 847 1171 elbae,
903 1125 955 1177 355

221 1180 259 1229 Sic
276 1181 328 1230 haec
342 1178 375 1228 est
391 1180 459 1227 cultu
473 1178 623 1229 versicolore
640 1180 751 1231 decens?

187 1251 223 1301 An
238 1252 292 1319 quia
309 1251 407 1310 maturis
423 1250 522 1300 albescit
537 1252 620 1303 messis
635 1253 729 1303 aristis?

220 1326 251 1375 Et
267 1327 338 1375 color
355 1324 381 1377 dc
398 1323 491 1389 species
507 1323 608 1376 floribus
624 1318 701 1375 omnis
717 1324 800 1379 inest?

186 1397 295 1457 Annuit3
317 1398 343 1447 δι
360 1398 433 1447 motis
447 1396 520 1447 flores
537 1398 650 1449 cecidere
667 1401 781 1465 capillis,

219 1472 340 1521 Accidere
355 1471 380 1519 in
394 1469 487 1519 mensas
504 1481 531 1519 ut
548 1470 603 1521 rosa
618 1470 682 1521 missa
699 1473 770 1522 solet.
905 1477 955 1543 360

158 1560 161 1564 ¹
185 1544 281 1594 Lumina
296 1543 435 1601 restabant,
458 1558 561 1608 quorum
577 1559 617 1593 nte
634 1543 704 1593 causa
718 1544 829 1605 latebat,

220 1616 281 1668 Cirrn
297 1618 333 1667 sic
346 1632 444 1667 errores
460 1613 554 1665 abstulit
571 1615 613 1666 illa
629 1631 706 1667 meos.
758 1630 760 1634 ·

184 1690 232 1741 Vel
246 1691 300 1757 quia
317 1690 444 1757 purpureis
459 1688 583 1739 collucent
595 1688 693 1740 floribus
707 1688 777 1758 agri,

218 1762 316 1813 Lumina
330 1763 385 1813 sunt
396 1761 491 1811 nostros
506 1762 554 1811 visa
570 1762 660 1813 decere
677 1762 750 1814 dies:

183 1835 231 1890 Vel
240 1837 292 1903 quia
303 1853 349 1887 nec
359 1835 405 1885 flos
419 1834 452 1885 est
462 1835 545 1885 hebeti
556 1867 564 1893 ,
577 1852 624 1885 nec
634 1836 728 1885 slamma
739 1869 748 1895 ,
766 1838 849 1889 colore
861 1857 871 1899 ς
900 1840 951 1905 365

218 1908 297 1977 Atque
311 1910 399 1959 oculos
415 1908 441 1957 in
457 1907 482 1957 se
498 1907 610 1973 splendor
622 1920 724 1975 uterque
742 1912 834 1963 trahit:

183 1982 229 2033 Vel
245 1984 300 2050 quia
314 1982 407 2033 deliciis
424 1980 541 2031 noslurna
557 1980 656 2032 licentia
671 1980 757 2036 nostris
843 2010 849 2025 ·

217 2054 339 2106 Convenit
354 2072 388 2107 :a
403 2070 464 2105 vero
478 2053 550 2104 tertia
565 2054 635 2103 causa
650 2054 726 2103 venit.

181 2126 217 2177 Est
232 2130 307 2179 breve
322 2140 461 2195 preterea,
481 2127 512 2176 de
526 2142 575 2191 quo
590 2126 648 2175 mihi
665 2142 774 2193 quaerere
788 2127 878 2190 resset,

216 2201 241 2251 Si
256 2203 350 2260 liceat,
364 2200 428 2271 dixi,
437 2200 510 2249 Dixit
526 2200 553 2251 δι
566 2200 628 2260 illa,
644 2199 725 2251 Licet.
899 2216 950 2271 370

181 2270 231 2324 Cur
244 2275 288 2324 tibi
304 2287 350 2339 pro
366 2272 465 2340 Libycis
479 2272 622 2325 claudantur
636 2285 689 2323 rete
707 2273 789 2337 leaenis

213 2347 326 2398 imbelles
342 2362 455 2412 capreae,
473 2345 630 2413 solicitusq‘ue
647 2347 727 2412 lepus.

135 2462 139 2471 ,
179 2419 235 2470 Non
250 2421 313 2479 sibi,
334 2418 476 2485 respondit,
494 2419 567 2469 silvas
582 2418 677 2469 cessisse
691 2435 699 2476 ς
717 2419 757 2469 sed
773 2419 876 2480 hortos,¹

212 2492 327 2559 Arvaque
340 2491 445 2559 pugnaci
461 2507 510 2540 non
525 2492 633 2541 adeunda
647 2491 715 2543 serae.

178 2562 266 2615 Omnia
281 2564 377 2615 finierat
390 2581 398 2616 ι
413 2576 500 2615 tenues
514 2564 615 2614 secessit
631 2564 655 2612 in
672 2580 749 2615 auras·
796 2578 798 2585 ’
896 2578 946 2631 375

210 2638 305 2689 Mansit
319 2638 403 2689 odor:
417 2636 494 2703 posses
512 2637 572 2686 scire
585 2634 653 2686 fuisse
669 2637 758 2689 Deam.

175 2709 273 2762 floreat
288 2724 317 2761 ut
333 2721 390 2761 toto
405 2712 502 2775 'carrnen
518 2708 621 2759 Nasonis
638 2710 663 2759 in
678 2726 751 2769 ενα,
773 2743 775 2749 -
868 2746 870 2751 .

153 2830 157 2837 .
210 2784 324 2851 Sparge,
340 2800 450 2849 precor,
470 2782 539 2832 donis
554 2781 652 2847 peslora
668 2782 746 2833 nostra
760 2780 820 2832 tuis.
900 2792 904 2809 ¹

174 2856 318 2907 NOCTE
332 2858 410 2907 minus
424 2855 507 2923 quarti
520 2866 616 2921 promet
633 2854 672 2905 sua
686 2856 765 2906 sidera
782 2853 876 2904 Chiron

209 2928 336 2988 Semivir,
355 2930 382 2979 dc
397 2929 453 2978 flavi
468 2944 571 3000 corpore
586 2927 675 2979 mixtus
690 2928 764 2998 equi..¹
892 2925 947 2993 380

174 2999 259 3052 Pelion
274 3002 409 3052 Haemoniae
424 3016 494 3069 mons
509 3000 543 3051 est
557 2999 672 3050 obversus
680 3000 710 3049 in
726 2994 844 3052 Acuent

210 3074 310 3129 Summa
323 3075 404 3127 virent
419 3074 499 3139 pinu,
514 3085 597 3125 cetera
611 3088 714 3140 quercus
730 3073 812 3193 ltabep.
822 3140 838 3154 ..
855 3114 857 3122 ,
934 3140 949 3170 N
981 3126 984 3135 Ι

820 3158 838 3208 ¹1
