<?xml version="1.0" encoding="UTF-8"?>
<!DOCTYPE html PUBLIC "-//W3C//DTD XHTML 1.0 Transitional//EN"
    "http://www.w3.org/TR/xhtml1/DTD/xhtml1-transitional.dtd">
<html xmlns="http://www.w3.org/1999/xhtml" xml:lang="en" lang="en">
 <head>
  <title>
</title>
<meta http-equiv="Content-Type" content="text/html;charset=utf-8" />
  <meta name='ocr-system' content='tesseract 3.04.00' />
  <meta name='ocr-capabilities' content='ocr_page ocr_carea ocr_par ocr_line ocrx_word'/>
</head>
<body>
  <div class='ocr_page' id='page_1' title='image "./povidiinasoniso01heingoog_0192.png"; bbox 0 0 2367 3942; ppageno 0'>
   <div class='ocr_carea' id='block_1_1' title="bbox 240 410 878 503">
    <p class='ocr_par' dir='ltr' id='par_1_1' title="bbox 240 410 878 503">
     <span class='ocr_line' id='line_1_1' title="bbox 240 410 878 503; baseline 0.003 -24"><span class='ocrx_word' id='word_1_1' title='bbox 240 410 669 479; x_wconf 74' lang='lat' dir='ltr'>Tnzsrrunrltn.</span> <span class='ocrx_word' id='word_1_2' title='bbox 697 412 756 480; x_wconf 86' lang='lat' dir='ltr'>Il.</span> <span class='ocrx_word' id='word_1_3' title='bbox 810 434 878 503; x_wconf 86' lang='lat'>191</span> 
     </span>
    </p>
   </div>
   <div class='ocr_carea' id='block_1_2' title="bbox 166 529 799 813">
    <p class='ocr_par' dir='ltr' id='par_1_2' title="bbox 166 529 784 669">
     <span class='ocr_line' id='line_1_2' title="bbox 166 529 784 597; baseline 0.005 -16"><span class='ocrx_word' id='word_1_4' title='bbox 166 532 282 597; x_wconf 78' lang='lat' dir='ltr'>Corpora</span> <span class='ocrx_word' id='word_1_5' title='bbox 299 530 413 583; x_wconf 76' lang='lat' dir='ltr'>Vestales</span> <span class='ocrx_word' id='word_1_6' title='bbox 431 529 495 578; x_wconf 90' lang='lat' dir='ltr'>oculi</span> <span class='ocrx_word' id='word_1_7' title='bbox 511 529 646 579; x_wconf 85' lang='lat' dir='ltr'>meretricia</span> <span class='ocrx_word' id='word_1_8' title='bbox 662 546 784 583; x_wconf 85' lang='lat' dir='ltr'>cernunt:</span> 
     </span>
     <span class='ocr_line' id='line_1_3' title="bbox 203 602 734 669; baseline 0 -15"><span class='ocrx_word' id='word_1_9' title='bbox 203 606 259 655; x_wconf 85' lang='lat' dir='ltr'>Nec</span> <span class='ocrx_word' id='word_1_10' title='bbox 277 604 380 653; x_wconf 84' lang='lat' dir='ltr'>domino</span> <span class='ocrx_word' id='word_1_11' title='bbox 396 619 476 669; x_wconf 83' lang='lat' dir='ltr'>poenae</span> <span class='ocrx_word' id='word_1_12' title='bbox 491 619 530 651; x_wconf 77' lang='lat' dir='ltr'>rec</span> <span class='ocrx_word' id='word_1_13' title='bbox 547 618 576 651; x_wconf 90' lang='lat' dir='ltr'>ea</span> <span class='ocrx_word' id='word_1_14' title='bbox 595 603 663 651; x_wconf 88' lang='lat' dir='ltr'>causa</span> <span class='ocrx_word' id='word_1_15' title='bbox 680 602 734 654; x_wconf 85' lang='lat' dir='ltr'>fuit.</span> 
     </span>
    </p>

    <p class='ocr_par' dir='ltr' id='par_1_3' title="bbox 168 674 799 813">
     <span class='ocr_line' id='line_1_4' title="bbox 168 674 755 729; baseline -0.005 -1"><span class='ocrx_word' id='word_1_16' title='bbox 168 678 202 729; x_wconf 77' lang='lat' dir='ltr'>At</span> <span class='ocrx_word' id='word_1_17' title='bbox 217 694 260 727; x_wconf 91' lang='lat' dir='ltr'>cur</span> <span class='ocrx_word' id='word_1_18' title='bbox 275 678 302 726; x_wconf 91' lang='lat' dir='ltr'>in</span> <span class='ocrx_word' id='word_1_19' title='bbox 319 674 400 725; x_wconf 76' lang='lat' dir='ltr'>nostrai</span> <span class='ocrx_word' id='word_1_20' title='bbox 416 674 486 724; x_wconf 82' lang='lat' dir='ltr'>nimia</span> <span class='ocrx_word' id='word_1_21' title='bbox 503 674 536 724; x_wconf 87' lang='lat' dir='ltr'>est</span> <span class='ocrx_word' id='word_1_22' title='bbox 552 674 647 725; x_wconf 84' lang='lat' dir='ltr'>lascivia</span> <span class='ocrx_word' id='word_1_23' title='bbox 660 674 755 725; x_wconf 70' lang='lat' dir='ltr'>Muri?</span> 
     </span>
     <span class='ocr_line' id='line_1_5' title="bbox 205 747 799 813; baseline -0.002 -14"><span class='ocrx_word' id='word_1_24' title='bbox 205 750 289 800; x_wconf 86' lang='lat' dir='ltr'>Curve</span> <span class='ocrx_word' id='word_1_25' title='bbox 308 765 378 798; x_wconf 86' lang='lat' dir='ltr'>meus</span> <span class='ocrx_word' id='word_1_26' title='bbox 395 748 504 813; x_wconf 81' lang='lat' dir='ltr'>cuiquam</span> <span class='ocrx_word' id='word_1_27' title='bbox 520 748 604 797; x_wconf 85' lang='lat' dir='ltr'>suadet</span> <span class='ocrx_word' id='word_1_28' title='bbox 620 765 699 799; x_wconf 88' lang='lat' dir='ltr'>amare</span> <span class='ocrx_word' id='word_1_29' title='bbox 716 747 799 800; x_wconf 78' lang='lat' dir='ltr'>liber?</span> 
     </span>
    </p>
   </div>
   <div class='ocr_carea' id='block_1_3' title="bbox 169 816 1041 892">
    <p class='ocr_par' dir='ltr' id='par_1_4' title="bbox 169 816 1041 892">
     <span class='ocr_line' id='line_1_6' title="bbox 169 816 1041 892; baseline 0.005 -20"><span class='ocrx_word' id='word_1_30' title='bbox 169 824 211 873; x_wconf 88' lang='lat' dir='ltr'>Nil</span> <span class='ocrx_word' id='word_1_31' title='bbox 222 824 268 872; x_wconf 74' lang='lat' dir='ltr'>niti</span> <span class='ocrx_word' id='word_1_32' title='bbox 279 835 409 888; x_wconf 87' lang='lat' dir='ltr'>peccatum</span> <span class='ocrx_word' id='word_1_33' title='bbox 417 854 424 879; x_wconf 90' lang='lat'><strong>‚</strong></span> <span class='ocrx_word' id='word_1_34' title='bbox 432 820 600 886; x_wconf 84' lang='lat' dir='ltr'>manifestaque</span> <span class='ocrx_word' id='word_1_35' title='bbox 612 822 829 887; x_wconf 81' lang='lat' dir='ltr'>culpa,fatendum</span> <span class='ocrx_word' id='word_1_36' title='bbox 839 823 881 876; x_wconf 75' lang='lat' dir='ltr'>eli:</span> <span class='ocrx_word' id='word_1_37' title='bbox 892 838 921 892; x_wconf 82' lang='lat'>31</span> <span class='ocrx_word' id='word_1_38' title='bbox 930 844 938 887; x_wconf 76' lang='lat'><em>5</em></span> <span class='ocrx_word' id='word_1_39' title='bbox 1038 816 1041 821; x_wconf 45' lang='grc'>’</span> 
     </span>
    </p>
   </div>
   <div class='ocr_carea' id='block_1_4' title="bbox 102 892 1001 2859">
    <p class='ocr_par' dir='ltr' id='par_1_5' title="bbox 201 892 647 961">
     <span class='ocr_line' id='line_1_7' title="bbox 201 892 647 961; baseline -0.004 -16"><span class='ocrx_word' id='word_1_40' title='bbox 201 894 315 956; x_wconf 71' lang='lat' dir='ltr'>⁴Poenitet</span> <span class='ocrx_word' id='word_1_41' title='bbox 332 894 425 961; x_wconf 87' lang='lat' dir='ltr'>ingenii</span> <span class='ocrx_word' id='word_1_42' title='bbox 441 892 572 960; x_wconf 84' lang='lat' dir='ltr'>judiciique</span> <span class='ocrx_word' id='word_1_43' title='bbox 591 894 647 943; x_wconf 88' lang='lat' dir='ltr'>mei.</span> 
     </span>
    </p>

    <p class='ocr_par' dir='ltr' id='par_1_6' title="bbox 171 965 835 1107">
     <span class='ocr_line' id='line_1_8' title="bbox 171 965 835 1034; baseline 0.002 -16"><span class='ocrx_word' id='word_1_44' title='bbox 171 968 223 1018; x_wconf 86' lang='lat' dir='ltr'>Cur</span> <span class='ocrx_word' id='word_1_45' title='bbox 238 985 308 1027; x_wconf 60' lang='lat' dir='ltr'>nonq</span> <span class='ocrx_word' id='word_1_46' title='bbox 322 966 445 1034; x_wconf 77' lang='lat' dir='ltr'>Argolicis</span> <span class='ocrx_word' id='word_1_47' title='bbox 458 965 538 1033; x_wconf 78' lang='lat' dir='ltr'>potiris</span> <span class='ocrx_word' id='word_1_48' title='bbox 553 984 607 1033; x_wconf 84' lang='lat' dir='ltr'>quae</span> <span class='ocrx_word' id='word_1_49' title='bbox 624 966 730 1017; x_wconf 86' lang='lat' dir='ltr'>concidit</span> <span class='ocrx_word' id='word_1_50' title='bbox 743 969 835 1030; x_wconf 82' lang='lat' dir='ltr'>armis,</span> 
     </span>
     <span class='ocr_line' id='line_1_9' title="bbox 206 1039 808 1107; baseline 0.002 -16"><span class='ocrx_word' id='word_1_51' title='bbox 206 1043 307 1093; x_wconf 82' lang='lat' dir='ltr'>Vexata</span> <span class='ocrx_word' id='word_1_52' title='bbox 323 1040 356 1089; x_wconf 83' lang='lat' dir='ltr'>est</span> <span class='ocrx_word' id='word_1_53' title='bbox 371 1042 459 1089; x_wconf 88' lang='lat' dir='ltr'>iterum</span> <span class='ocrx_word' id='word_1_54' title='bbox 476 1040 598 1099; x_wconf 83' lang='lat' dir='ltr'>carmine,</span> <span class='ocrx_word' id='word_1_55' title='bbox 616 1039 712 1107; x_wconf 87' lang='lat' dir='ltr'>Troja,</span> <span class='ocrx_word' id='word_1_56' title='bbox 729 1041 808 1092; x_wconf 79' lang='lat' dir='ltr'>meo?</span> 
     </span>
    </p>

    <p class='ocr_par' dir='ltr' id='par_1_7' title="bbox 171 1113 944 1255">
     <span class='ocr_line' id='line_1_10' title="bbox 171 1113 846 1172; baseline 0.003 -7"><span class='ocrx_word' id='word_1_57' title='bbox 171 1114 225 1165; x_wconf 82' lang='lat' dir='ltr'>Cur</span> <span class='ocrx_word' id='word_1_58' title='bbox 240 1114 307 1167; x_wconf 89' lang='lat' dir='ltr'>tacui</span> <span class='ocrx_word' id='word_1_59' title='bbox 324 1114 443 1172; x_wconf 80' lang='lat' dir='ltr'>Thebas,</span> <span class='ocrx_word' id='word_1_60' title='bbox 465 1113 491 1164; x_wconf 75' lang='grc' dir='ltr'>δι</span> <span class='ocrx_word' id='word_1_61' title='bbox 507 1124 589 1163; x_wconf 84' lang='lat' dir='ltr'>mutua</span> <span class='ocrx_word' id='word_1_62' title='bbox 604 1114 705 1163; x_wconf 84' lang='lat' dir='ltr'>vulnera</span> <span class='ocrx_word' id='word_1_63' title='bbox 720 1114 820 1165; x_wconf 79' lang='lat' dir='ltr'>fratrum</span> <span class='ocrx_word' id='word_1_64' title='bbox 835 1114 846 1167; x_wconf 72' lang='lat' dir='ltr'>d</span> 
     </span>
     <span class='ocr_line' id='line_1_11' title="bbox 208 1186 944 1255; baseline 0.004 -18"><span class='ocrx_word' id='word_1_65' title='bbox 208 1188 240 1237; x_wconf 85' lang='lat' dir='ltr'>Et</span> <span class='ocrx_word' id='word_1_66' title='bbox 255 1186 350 1253; x_wconf 83' lang='lat' dir='ltr'>septem</span> <span class='ocrx_word' id='word_1_67' title='bbox 363 1199 467 1253; x_wconf 72' lang='lat' dir='ltr'>portas,</span> <span class='ocrx_word' id='word_1_68' title='bbox 484 1186 526 1236; x_wconf 88' lang='lat' dir='ltr'>sub</span> <span class='ocrx_word' id='word_1_69' title='bbox 540 1186 602 1235; x_wconf 84' lang='lat' dir='ltr'>duce</span> <span class='ocrx_word' id='word_1_70' title='bbox 617 1204 734 1253; x_wconf 86' lang='lat' dir='ltr'>quamque</span> <span class='ocrx_word' id='word_1_71' title='bbox 749 1187 812 1238; x_wconf 74' lang='lat' dir='ltr'>suo?</span> <span class='ocrx_word' id='word_1_72' title='bbox 893 1201 944 1255; x_wconf 78' lang='lat'>320</span> 
     </span>
    </p>

    <p class='ocr_par' dir='ltr' id='par_1_8' title="bbox 167 1259 794 1399">
     <span class='ocr_line' id='line_1_12' title="bbox 167 1259 794 1332; baseline -0.002 -21"><span class='ocrx_word' id='word_1_73' title='bbox 167 1262 226 1312; x_wconf 90' lang='lat' dir='ltr'>Nec</span> <span class='ocrx_word' id='word_1_74' title='bbox 241 1261 299 1309; x_wconf 90' lang='lat' dir='ltr'>mihi</span> <span class='ocrx_word' id='word_1_75' title='bbox 312 1260 436 1315; x_wconf 74' lang='lat' dir='ltr'>materiam</span> <span class='ocrx_word' id='word_1_76' title='bbox 448 1259 561 1332; x_wconf 73' lang='lat' dir='ltr'>bellatrix</span> <span class='ocrx_word' id='word_1_77' title='bbox 576 1259 654 1310; x_wconf 87' lang='lat' dir='ltr'>Roma</span> <span class='ocrx_word' id='word_1_78' title='bbox 670 1262 794 1327; x_wconf 61' lang='lat' dir='ltr'>negabam</span> 
     </span>
     <span class='ocr_line' id='line_1_13' title="bbox 209 1332 783 1399; baseline 0.005 -17"><span class='ocrx_word' id='word_1_79' title='bbox 209 1334 241 1382; x_wconf 91' lang='lat' dir='ltr'>Et</span> <span class='ocrx_word' id='word_1_80' title='bbox 257 1334 311 1399; x_wconf 85' lang='lat' dir='ltr'>pius</span> <span class='ocrx_word' id='word_1_81' title='bbox 328 1332 380 1391; x_wconf 83' lang='lat' dir='ltr'>est,</span> <span class='ocrx_word' id='word_1_82' title='bbox 398 1332 482 1398; x_wconf 85' lang='lat' dir='ltr'>patriae</span> <span class='ocrx_word' id='word_1_83' title='bbox 496 1333 558 1381; x_wconf 69' lang='lat' dir='ltr'>latia</span> <span class='ocrx_word' id='word_1_84' title='bbox 572 1332 686 1391; x_wconf 83' lang='lat' dir='ltr'>referre,</span> <span class='ocrx_word' id='word_1_85' title='bbox 704 1334 783 1385; x_wconf 86' lang='lat' dir='ltr'>labor.</span> 
     </span>
    </p>

    <p class='ocr_par' dir='ltr' id='par_1_9' title="bbox 166 1405 871 1529">
     <span class='ocr_line' id='line_1_14' title="bbox 166 1405 871 1474; baseline -0.003 -17"><span class='ocrx_word' id='word_1_86' title='bbox 166 1407 306 1474; x_wconf 86' lang='lat' dir='ltr'>Denique,</span> <span class='ocrx_word' id='word_1_87' title='bbox 327 1405 380 1456; x_wconf 83' lang='lat' dir='ltr'>crim</span> <span class='ocrx_word' id='word_1_88' title='bbox 397 1406 490 1456; x_wconf 77' lang='lat' dir='ltr'>meritis</span> <span class='ocrx_word' id='word_1_89' title='bbox 504 1405 644 1471; x_wconf 77' lang='lat' dir='ltr'>impleveris</span> <span class='ocrx_word' id='word_1_90' title='bbox 660 1407 758 1465; x_wconf 79' lang='lat' dir='ltr'>omnia,</span> <span class='ocrx_word' id='word_1_91' title='bbox 776 1405 871 1465; x_wconf 84' lang='lat' dir='ltr'>Caesar,</span> 
     </span>
     <span class='ocr_line' id='line_1_15' title="bbox 209 1478 742 1529; baseline -0.008 0"><span class='ocrx_word' id='word_1_92' title='bbox 209 1480 268 1529; x_wconf 83' lang='lat' dir='ltr'>Pars</span> <span class='ocrx_word' id='word_1_93' title='bbox 284 1480 343 1528; x_wconf 87' lang='lat' dir='ltr'>mihi</span> <span class='ocrx_word' id='word_1_94' title='bbox 360 1479 389 1528; x_wconf 91' lang='lat' dir='ltr'>de</span> <span class='ocrx_word' id='word_1_95' title='bbox 404 1479 484 1529; x_wconf 78' lang='lat' dir='ltr'>multis</span> <span class='ocrx_word' id='word_1_96' title='bbox 500 1495 547 1527; x_wconf 87' lang='lat' dir='ltr'>una</span> <span class='ocrx_word' id='word_1_97' title='bbox 566 1478 673 1526; x_wconf 86' lang='lat' dir='ltr'>canenda</span> <span class='ocrx_word' id='word_1_98' title='bbox 687 1478 742 1527; x_wconf 86' lang='lat' dir='ltr'>fuit.</span> 
     </span>
    </p>

    <p class='ocr_par' dir='ltr' id='par_1_10' title="bbox 168 1550 944 1675">
     <span class='ocr_line' id='line_1_16' title="bbox 168 1550 944 1619; baseline -0.001 -17"><span class='ocrx_word' id='word_1_99' title='bbox 168 1552 257 1619; x_wconf 87' lang='lat' dir='ltr'>thue</span> <span class='ocrx_word' id='word_1_100' title='bbox 271 1554 374 1601; x_wconf 82' lang='lat' dir='ltr'>trahunt</span> <span class='ocrx_word' id='word_1_101' title='bbox 387 1553 474 1601; x_wconf 83' lang='lat' dir='ltr'>oculos</span> <span class='ocrx_word' id='word_1_102' title='bbox 490 1550 605 1601; x_wconf 78' lang='lat' dir='ltr'>radiantia</span> <span class='ocrx_word' id='word_1_103' title='bbox 622 1550 710 1599; x_wconf 87' lang='lat' dir='ltr'>lumina</span> <span class='ocrx_word' id='word_1_104' title='bbox 726 1550 809 1611; x_wconf 81' lang='lat' dir='ltr'>Solis,</span> <span class='ocrx_word' id='word_1_105' title='bbox 894 1564 928 1618; x_wconf 85' lang='lat'>32</span> <span class='ocrx_word' id='word_1_106' title='bbox 933 1568 944 1615; x_wconf 82' lang='lat'><em>5</em></span> 
     </span>
     <span class='ocr_line' id='line_1_17' title="bbox 207 1621 752 1675; baseline -0.002 -1"><span class='ocrx_word' id='word_1_107' title='bbox 207 1624 348 1675; x_wconf 80' lang='lat' dir='ltr'>Traxillent</span> <span class='ocrx_word' id='word_1_108' title='bbox 359 1625 465 1675; x_wconf 85' lang='lat' dir='ltr'>animum</span> <span class='ocrx_word' id='word_1_109' title='bbox 480 1624 515 1674; x_wconf 82' lang='lat' dir='ltr'>sic</span> <span class='ocrx_word' id='word_1_110' title='bbox 532 1627 574 1673; x_wconf 81' lang='lat' dir='ltr'>tu&#39;a</span> <span class='ocrx_word' id='word_1_111' title='bbox 590 1621 650 1672; x_wconf 69' lang='lat' dir='ltr'>latia</span> <span class='ocrx_word' id='word_1_112' title='bbox 666 1638 752 1673; x_wconf 89' lang='lat' dir='ltr'>meum.</span> 
     </span>
    </p>

    <p class='ocr_par' dir='ltr' id='par_1_11' title="bbox 168 1694 831 1765">
     <span class='ocr_line' id='line_1_18' title="bbox 168 1694 831 1765; baseline -0.002 -16"><span class='ocrx_word' id='word_1_113' title='bbox 168 1698 272 1765; x_wconf 79' lang='lat' dir='ltr'>Argunt</span> <span class='ocrx_word' id='word_1_114' title='bbox 286 1696 407 1749; x_wconf 83' lang='lat' dir='ltr'>immeritd</span> <span class='ocrx_word' id='word_1_115' title='bbox 424 1712 433 1748; x_wconf 80' lang='lat' dir='ltr'>c</span> <span class='ocrx_word' id='word_1_116' title='bbox 451 1697 530 1746; x_wconf 78' lang='lat' dir='ltr'>tenuis</span> <span class='ocrx_word' id='word_1_117' title='bbox 540 1694 604 1745; x_wconf 69' lang='lat' dir='ltr'>vmibi</span> <span class='ocrx_word' id='word_1_118' title='bbox 619 1712 716 1761; x_wconf 87' lang='lat' dir='ltr'>campus</span> <span class='ocrx_word' id='word_1_119' title='bbox 732 1708 831 1749; x_wconf 81' lang='lat' dir='ltr'>aratur:</span> 
     </span>
    </p>

    <p class='ocr_par' dir='ltr' id='par_1_12' title="bbox 102 1769 688 1838">
     <span class='ocr_line' id='line_1_19' title="bbox 102 1769 688 1838; baseline -0.002 -18"><span class='ocrx_word' id='word_1_120' title='bbox 102 1804 105 1809; x_wconf 90' lang='lat'><em>-</em></span> <span class='ocrx_word' id='word_1_121' title='bbox 208 1772 274 1820; x_wconf 90' lang='lat' dir='ltr'>lllud</span> <span class='ocrx_word' id='word_1_122' title='bbox 291 1784 344 1821; x_wconf 86' lang='lat' dir='ltr'>erac</span> <span class='ocrx_word' id='word_1_123' title='bbox 359 1787 453 1838; x_wconf 84' lang='lat' dir='ltr'>magnae</span> <span class='ocrx_word' id='word_1_124' title='bbox 470 1769 601 1820; x_wconf 83' lang='lat' dir='ltr'>fertilitatis</span> <span class='ocrx_word' id='word_1_125' title='bbox 619 1786 688 1836; x_wconf 88' lang='lat' dir='ltr'>opus.</span> 
     </span>
    </p>

    <p class='ocr_par' dir='ltr' id='par_1_13' title="bbox 170 1842 1001 1984">
     <span class='ocr_line' id='line_1_20' title="bbox 170 1842 775 1911; baseline 0.002 -18"><span class='ocrx_word' id='word_1_126' title='bbox 170 1845 233 1894; x_wconf 83' lang='lat' dir='ltr'>Non</span> <span class='ocrx_word' id='word_1_127' title='bbox 246 1844 304 1894; x_wconf 86' lang='lat' dir='ltr'>ideo</span> <span class='ocrx_word' id='word_1_128' title='bbox 318 1845 393 1895; x_wconf 88' lang='lat' dir='ltr'>debet</span> <span class='ocrx_word' id='word_1_129' title='bbox 404 1846 492 1910; x_wconf 78' lang='lat' dir='ltr'>pelago</span> <span class='ocrx_word' id='word_1_130' title='bbox 509 1843 533 1892; x_wconf 88' lang='lat' dir='ltr'>se</span> <span class='ocrx_word' id='word_1_131' title='bbox 549 1842 671 1902; x_wconf 88' lang='lat' dir='ltr'>credere,</span> <span class='ocrx_word' id='word_1_132' title='bbox 692 1842 712 1895; x_wconf 84' lang='lat' dir='ltr'>si</span> <span class='ocrx_word' id='word_1_133' title='bbox 729 1860 775 1911; x_wconf 91' lang='lat' dir='ltr'>qua</span> 
     </span>
     <span class='ocr_line' id='line_1_21' title="bbox 208 1916 1001 1984; baseline 0 -19"><span class='ocrx_word' id='word_1_134' title='bbox 208 1916 294 1966; x_wconf 79' lang='lat' dir='ltr'>Audet</span> <span class='ocrx_word' id='word_1_135' title='bbox 309 1917 335 1967; x_wconf 91' lang='lat' dir='ltr'>in</span> <span class='ocrx_word' id='word_1_136' title='bbox 351 1918 439 1984; x_wconf 80' lang='lat' dir='ltr'>exiguo</span> <span class='ocrx_word' id='word_1_137' title='bbox 453 1916 538 1967; x_wconf 84' lang='lat' dir='ltr'>ludere</span> <span class='ocrx_word' id='word_1_138' title='bbox 555 1917 640 1983; x_wconf 87' lang='lat' dir='ltr'>cymba</span> <span class='ocrx_word' id='word_1_139' title='bbox 656 1917 720 1966; x_wconf 88' lang='lat' dir='ltr'>lacu.</span> <span class='ocrx_word' id='word_1_140' title='bbox 896 1930 947 1981; x_wconf 85' lang='lat'>330</span> <span class='ocrx_word' id='word_1_141' title='bbox 999 1920 1001 1925; x_wconf 80' lang='grc'><strong>“</strong></span> 
     </span>
    </p>

    <p class='ocr_par' dir='ltr' id='par_1_14' title="bbox 171 1988 970 2129">
     <span class='ocr_line' id='line_1_22' title="bbox 171 1988 970 2055; baseline -0.003 -15"><span class='ocrx_word' id='word_1_142' title='bbox 171 1990 288 2041; x_wconf 82' lang='lat' dir='ltr'>Forsitan</span> <span class='ocrx_word' id='word_1_143' title='bbox 305 1990 333 2039; x_wconf 77' lang='grc' dir='ltr'>δι</span> <span class='ocrx_word' id='word_1_144' title='bbox 349 1990 474 2047; x_wconf 84' lang='lat' dir='ltr'>dubitem,</span> <span class='ocrx_word' id='word_1_145' title='bbox 491 1990 595 2039; x_wconf 87' lang='lat' dir='ltr'>numeris</span> <span class='ocrx_word' id='word_1_146' title='bbox 612 1988 744 2047; x_wconf 84' lang='lat' dir='ltr'>levioribus</span> <span class='ocrx_word' id='word_1_147' title='bbox 761 2001 830 2055; x_wconf 85' lang='lat' dir='ltr'>aptus</span> <span class='ocrx_word' id='word_1_148' title='bbox 967 1993 970 1998; x_wconf 85' lang='lat'>&#39;</span> 
     </span>
     <span class='ocr_line' id='line_1_23' title="bbox 209 2060 785 2129; baseline -0.002 -17"><span class='ocrx_word' id='word_1_149' title='bbox 209 2064 259 2113; x_wconf 86' lang='lat' dir='ltr'>Sim</span> <span class='ocrx_word' id='word_1_150' title='bbox 276 2062 355 2117; x_wconf 83' lang='lat' dir='ltr'>satis,</span> <span class='ocrx_word' id='word_1_151' title='bbox 375 2061 400 2109; x_wconf 95' lang='lat' dir='ltr'>in</span> <span class='ocrx_word' id='word_1_152' title='bbox 416 2068 502 2125; x_wconf 82' lang='lat' dir='ltr'>parvos</span> <span class='ocrx_word' id='word_1_153' title='bbox 517 2060 675 2129; x_wconf 85' lang='lat' dir='ltr'>sufficiamque</span> <span class='ocrx_word' id='word_1_154' title='bbox 690 2062 785 2111; x_wconf 85' lang='lat' dir='ltr'>modos.</span> 
     </span>
    </p>

    <p class='ocr_par' dir='ltr' id='par_1_15' title="bbox 173 2133 819 2265">
     <span class='ocr_line' id='line_1_24' title="bbox 173 2133 819 2203; baseline 0 -19"><span class='ocrx_word' id='word_1_155' title='bbox 173 2134 208 2184; x_wconf 80' lang='lat' dir='ltr'>At</span> <span class='ocrx_word' id='word_1_156' title='bbox 227 2136 247 2184; x_wconf 81' lang='lat' dir='ltr'>si</span> <span class='ocrx_word' id='word_1_157' title='bbox 263 2152 305 2185; x_wconf 88' lang='lat' dir='ltr'>me</span> <span class='ocrx_word' id='word_1_158' title='bbox 323 2133 407 2199; x_wconf 87' lang='lat' dir='ltr'>jubeas</span> <span class='ocrx_word' id='word_1_159' title='bbox 424 2134 526 2184; x_wconf 84' lang='lat' dir='ltr'>domitos</span> <span class='ocrx_word' id='word_1_160' title='bbox 542 2135 613 2187; x_wconf 83' lang='lat' dir='ltr'>Jovis</span> <span class='ocrx_word' id='word_1_161' title='bbox 626 2136 681 2202; x_wconf 85' lang='lat' dir='ltr'>igne</span> <span class='ocrx_word' id='word_1_162' title='bbox 701 2133 819 2203; x_wconf 85' lang='lat' dir='ltr'>Gigantas</span> 
     </span>
     <span class='ocr_line' id='line_1_25' title="bbox 210 2208 711 2265; baseline 0 -8"><span class='ocrx_word' id='word_1_163' title='bbox 210 2208 326 2265; x_wconf 83' lang='lat' dir='ltr'>Dicere3</span> <span class='ocrx_word' id='word_1_164' title='bbox 346 2218 473 2257; x_wconf 89' lang='lat' dir='ltr'>conantem</span> <span class='ocrx_word' id='word_1_165' title='bbox 489 2208 625 2258; x_wconf 87' lang='lat' dir='ltr'>debilitabit</span> <span class='ocrx_word' id='word_1_166' title='bbox 640 2225 711 2257; x_wconf 83' lang='lat' dir='ltr'>onus.</span> 
     </span>
    </p>

    <p class='ocr_par' dir='ltr' id='par_1_16' title="bbox 174 2276 947 2419">
     <span class='ocr_line' id='line_1_26' title="bbox 174 2276 947 2348; baseline -0.001 -18"><span class='ocrx_word' id='word_1_167' title='bbox 174 2280 267 2331; x_wconf 85' lang='lat' dir='ltr'>Divitis</span> <span class='ocrx_word' id='word_1_168' title='bbox 284 2280 378 2348; x_wconf 89' lang='lat' dir='ltr'>ingenii</span> <span class='ocrx_word' id='word_1_169' title='bbox 394 2280 426 2330; x_wconf 79' lang='lat' dir='ltr'>est</span> <span class='ocrx_word' id='word_1_170' title='bbox 441 2280 551 2330; x_wconf 85' lang='lat' dir='ltr'>immania</span> <span class='ocrx_word' id='word_1_171' title='bbox 565 2280 664 2330; x_wconf 78' lang='lat' dir='ltr'>Caesaris</span> <span class='ocrx_word' id='word_1_172' title='bbox 682 2281 732 2331; x_wconf 66' lang='lat' dir='ltr'>adia</span> <span class='ocrx_word' id='word_1_173' title='bbox 782 2276 788 2281; x_wconf 40' lang='lat'>⁵</span> <span class='ocrx_word' id='word_1_174' title='bbox 897 2294 928 2345; x_wconf 82' lang='lat'>33</span> <span class='ocrx_word' id='word_1_175' title='bbox 937 2296 947 2342; x_wconf 84' lang='lat'><em>5</em></span> 
     </span>
     <span class='ocr_line' id='line_1_27' title="bbox 213 2352 842 2419; baseline -0.002 -17"><span class='ocrx_word' id='word_1_176' title='bbox 213 2352 351 2411; x_wconf 87' lang='lat' dir='ltr'>Condere,</span> <span class='ocrx_word' id='word_1_177' title='bbox 371 2352 471 2403; x_wconf 70' lang='lat' dir='ltr'>materii</span> <span class='ocrx_word' id='word_1_178' title='bbox 487 2370 519 2403; x_wconf 92' lang='lat' dir='ltr'>ne</span> <span class='ocrx_word' id='word_1_179' title='bbox 536 2353 661 2417; x_wconf 86' lang='lat' dir='ltr'>superetur</span> <span class='ocrx_word' id='word_1_180' title='bbox 677 2369 748 2419; x_wconf 85' lang='lat' dir='ltr'>opus.</span> <span class='ocrx_word' id='word_1_181' title='bbox 837 2393 842 2401; x_wconf 92' lang='lat'><em>.</em></span> 
     </span>
    </p>

    <p class='ocr_par' dir='ltr' id='par_1_17' title="bbox 176 2424 833 2565">
     <span class='ocr_line' id='line_1_28' title="bbox 176 2424 833 2485; baseline -0.002 -9"><span class='ocrx_word' id='word_1_182' title='bbox 176 2426 209 2475; x_wconf 89' lang='lat' dir='ltr'>Et</span> <span class='ocrx_word' id='word_1_183' title='bbox 226 2439 309 2476; x_wconf 85' lang='lat' dir='ltr'>tamen</span> <span class='ocrx_word' id='word_1_184' title='bbox 323 2425 394 2476; x_wconf 83' lang='lat' dir='ltr'>ausus</span> <span class='ocrx_word' id='word_1_185' title='bbox 411 2442 476 2475; x_wconf 83' lang='lat' dir='ltr'>eram</span> <span class='ocrx_word' id='word_1_186' title='bbox 488 2425 550 2476; x_wconf 78' lang='lat' dir='ltr'>t-t&#39;ed</span> <span class='ocrx_word' id='word_1_187' title='bbox 565 2425 698 2475; x_wconf 68' lang='lat' dir='ltr'>demeare</span> <span class='ocrx_word' id='word_1_188' title='bbox 714 2424 833 2485; x_wconf 82' lang='lat' dir='ltr'>videbar,</span> 
     </span>
     <span class='ocr_line' id='line_1_29' title="bbox 214 2496 794 2565; baseline 0 -16"><span class='ocrx_word' id='word_1_189' title='bbox 214 2498 340 2565; x_wconf 83' lang='lat' dir='ltr'>Quodque</span> <span class='ocrx_word' id='word_1_190' title='bbox 356 2500 443 2558; x_wconf 75' lang='lat' dir='ltr'>nefas,</span> <span class='ocrx_word' id='word_1_191' title='bbox 462 2499 550 2549; x_wconf 78' lang='lat' dir='ltr'>damrm</span> <span class='ocrx_word' id='word_1_192' title='bbox 566 2498 658 2548; x_wconf 82' lang='lat' dir='ltr'>viribus</span> <span class='ocrx_word' id='word_1_193' title='bbox 675 2496 721 2549; x_wconf 83' lang='lat' dir='ltr'>effe</span> <span class='ocrx_word' id='word_1_194' title='bbox 737 2500 794 2549; x_wconf 86' lang='lat' dir='ltr'>tuis.</span> 
     </span>
    </p>

    <p class='ocr_par' dir='ltr' id='par_1_18' title="bbox 176 2570 952 2712">
     <span class='ocr_line' id='line_1_30' title="bbox 176 2570 842 2638; baseline 0 -17"><span class='ocrx_word' id='word_1_195' title='bbox 176 2571 218 2621; x_wconf 79' lang='lat' dir='ltr'>Ad</span> <span class='ocrx_word' id='word_1_196' title='bbox 234 2574 290 2623; x_wconf 82' lang='lat' dir='ltr'>leve</span> <span class='ocrx_word' id='word_1_197' title='bbox 307 2571 387 2623; x_wconf 85' lang='lat' dir='ltr'>rursus</span> <span class='ocrx_word' id='word_1_198' title='bbox 401 2589 482 2638; x_wconf 80' lang='lat' dir='ltr'>opus.</span> <span class='ocrx_word' id='word_1_199' title='bbox 499 2571 615 2638; x_wconf 84' lang='lat' dir='ltr'>juvenilia</span> <span class='ocrx_word' id='word_1_200' title='bbox 628 2571 749 2631; x_wconf 82' lang='lat' dir='ltr'>carmina,</span> <span class='ocrx_word' id='word_1_201' title='bbox 766 2570 842 2630; x_wconf 87' lang='lat' dir='ltr'>veni;</span> 
     </span>
     <span class='ocr_line' id='line_1_31' title="bbox 214 2644 952 2712; baseline -0.003 -16"><span class='ocrx_word' id='word_1_202' title='bbox 214 2644 248 2696; x_wconf 88' lang='lat' dir='ltr'>Et</span> <span class='ocrx_word' id='word_1_203' title='bbox 264 2645 324 2695; x_wconf 78' lang='lat' dir='ltr'>falso</span> <span class='ocrx_word' id='word_1_204' title='bbox 341 2646 406 2695; x_wconf 84' lang='lat' dir='ltr'>movi</span> <span class='ocrx_word' id='word_1_205' title='bbox 422 2645 505 2712; x_wconf 62' lang='lat' dir='ltr'>pedus</span> <span class='ocrx_word' id='word_1_206' title='bbox 520 2660 604 2693; x_wconf 84' lang='lat' dir='ltr'>amore</span> <span class='ocrx_word' id='word_1_207' title='bbox 617 2660 705 2695; x_wconf 88' lang='lat' dir='ltr'>meum.</span> <span class='ocrx_word' id='word_1_208' title='bbox 901 2656 952 2707; x_wconf 86' lang='lat'>340</span> 
     </span>
    </p>

    <p class='ocr_par' dir='ltr' id='par_1_19' title="bbox 176 2716 893 2785">
     <span class='ocr_line' id='line_1_32' title="bbox 176 2716 893 2785; baseline -0.003 -18"><span class='ocrx_word' id='word_1_209' title='bbox 176 2718 235 2767; x_wconf 91' lang='lat' dir='ltr'>Non</span> <span class='ocrx_word' id='word_1_210' title='bbox 251 2718 364 2785; x_wconf 88' lang='lat' dir='ltr'>equidem</span> <span class='ocrx_word' id='word_1_211' title='bbox 379 2719 468 2767; x_wconf 87' lang='lat' dir='ltr'>vellem</span> <span class='ocrx_word' id='word_1_212' title='bbox 484 2734 491 2769; x_wconf 91' lang='lat'><strong>:</strong></span> <span class='ocrx_word' id='word_1_213' title='bbox 505 2717 546 2767; x_wconf 87' lang='lat' dir='ltr'>sed</span> <span class='ocrx_word' id='word_1_214' title='bbox 561 2733 600 2765; x_wconf 91' lang='lat' dir='ltr'>me</span> <span class='ocrx_word' id='word_1_215' title='bbox 615 2733 668 2767; x_wconf 88' lang='lat' dir='ltr'>mea</span> <span class='ocrx_word' id='word_1_216' title='bbox 683 2718 733 2769; x_wconf 84' lang='lat' dir='ltr'>fata</span> <span class='ocrx_word' id='word_1_217' title='bbox 746 2716 893 2774; x_wconf 67' lang='lat' dir='ltr'>trahebant}</span> 
     </span>
    </p>

    <p class='ocr_par' dir='ltr' id='par_1_20' title="bbox 167 2789 718 2859">
     <span class='ocr_line' id='line_1_33' title="bbox 167 2789 718 2859; baseline 0.005 -20"><span class='ocrx_word' id='word_1_218' title='bbox 167 2825 172 2833; x_wconf 81' lang='grc'>.</span> <span class='ocrx_word' id='word_1_219' title='bbox 216 2791 293 2857; x_wconf 90' lang='lat' dir='ltr'>lnque</span> <span class='ocrx_word' id='word_1_220' title='bbox 308 2806 375 2841; x_wconf 79' lang='lat' dir='ltr'>meas</span> <span class='ocrx_word' id='word_1_221' title='bbox 390 2808 474 2857; x_wconf 87' lang='lat' dir='ltr'>poenas</span> <span class='ocrx_word' id='word_1_222' title='bbox 493 2789 630 2859; x_wconf 87' lang='lat' dir='ltr'>ingeniosus</span> <span class='ocrx_word' id='word_1_223' title='bbox 645 2807 718 2842; x_wconf 83' lang='lat' dir='ltr'>eram.</span> 
     </span>
    </p>
   </div>
   <div class='ocr_carea' id='block_1_5' title="bbox 92 2861 900 2935">
    <p class='ocr_par' dir='ltr' id='par_1_21' title="bbox 92 2861 900 2935">
     <span class='ocr_line' id='line_1_34' title="bbox 92 2861 900 2935; baseline 0.002 -24"><span class='ocrx_word' id='word_1_224' title='bbox 92 2879 102 2935; x_wconf 40' lang='lat' dir='ltr'>g·</span> <span class='ocrx_word' id='word_1_225' title='bbox 178 2861 227 2912; x_wconf 86' lang='lat' dir='ltr'>Hei</span> <span class='ocrx_word' id='word_1_226' title='bbox 241 2865 299 2913; x_wconf 88' lang='lat' dir='ltr'>mihi</span> <span class='ocrx_word' id='word_1_227' title='bbox 312 2864 319 2914; x_wconf 76' lang='lat' dir='ltr'>l</span> <span class='ocrx_word' id='word_1_228' title='bbox 332 2865 399 2929; x_wconf 91' lang='lat' dir='ltr'>quod</span> <span class='ocrx_word' id='word_1_229' title='bbox 410 2864 481 2914; x_wconf 88' lang='lat' dir='ltr'>didici</span> <span class='ocrx_word' id='word_1_230' title='bbox 495 2882 503 2915; x_wconf 74' lang='grc' dir='ltr'>ς</span> <span class='ocrx_word' id='word_1_231' title='bbox 520 2863 585 2930; x_wconf 90' lang='lat' dir='ltr'>quod</span> <span class='ocrx_word' id='word_1_232' title='bbox 596 2879 634 2912; x_wconf 85' lang='lat' dir='ltr'>me</span> <span class='ocrx_word' id='word_1_233' title='bbox 648 2864 754 2913; x_wconf 86' lang='lat' dir='ltr'>docuere</span> <span class='ocrx_word' id='word_1_234' title='bbox 765 2872 878 2927; x_wconf 76' lang='lat' dir='ltr'>parentet</span> <span class='ocrx_word' id='word_1_235' title='bbox 893 2894 900 2920; x_wconf 90' lang='lat'>‚</span> 
     </span>
    </p>
   </div>
   <div class='ocr_carea' id='block_1_6' title="bbox 216 2936 767 3003">
    <p class='ocr_par' dir='ltr' id='par_1_22' title="bbox 216 2936 767 3003">
     <span class='ocr_line' id='line_1_35' title="bbox 216 2936 767 3003; baseline -0.004 -18"><span class='ocrx_word' id='word_1_236' title='bbox 216 2936 349 3003; x_wconf 87' lang='lat' dir='ltr'>Literaque</span> <span class='ocrx_word' id='word_1_237' title='bbox 366 2937 399 2987; x_wconf 81' lang='lat' dir='ltr'>en</span> <span class='ocrx_word' id='word_1_238' title='bbox 414 2939 500 2987; x_wconf 83' lang='lat' dir='ltr'>oculos</span> <span class='ocrx_word' id='word_1_239' title='bbox 515 2937 565 2986; x_wconf 90' lang='lat' dir='ltr'>ulla</span> <span class='ocrx_word' id='word_1_240' title='bbox 582 2947 674 2985; x_wconf 87' lang='lat' dir='ltr'>morata</span> <span class='ocrx_word' id='word_1_241' title='bbox 689 2951 767 2985; x_wconf 85' lang='lat' dir='ltr'>meos.</span> 
     </span>
    </p>
   </div>
   <div class='ocr_carea' id='block_1_7' title="bbox 179 3004 957 3149">
    <p class='ocr_par' dir='ltr' id='par_1_23' title="bbox 179 3004 957 3149">
     <span class='ocr_line' id='line_1_36' title="bbox 179 3004 957 3073; baseline 0 -15"><span class='ocrx_word' id='word_1_242' title='bbox 179 3008 239 3058; x_wconf 79' lang='lat' dir='ltr'>Haec</span> <span class='ocrx_word' id='word_1_243' title='bbox 256 3009 301 3059; x_wconf 87' lang='lat' dir='ltr'>tibi</span> <span class='ocrx_word' id='word_1_244' title='bbox 316 3026 356 3059; x_wconf 86' lang='lat' dir='ltr'>rne</span> <span class='ocrx_word' id='word_1_245' title='bbox 370 3011 470 3060; x_wconf 87' lang='lat' dir='ltr'>invisum</span> <span class='ocrx_word' id='word_1_246' title='bbox 486 3009 581 3059; x_wconf 86' lang='lat' dir='ltr'>lascivia</span> <span class='ocrx_word' id='word_1_247' title='bbox 597 3004 672 3066; x_wconf 84' lang='lat' dir='ltr'>fecit,</span> <span class='ocrx_word' id='word_1_248' title='bbox 690 3009 721 3057; x_wconf 92' lang='lat' dir='ltr'>ob</span> <span class='ocrx_word' id='word_1_249' title='bbox 737 3008 829 3066; x_wconf 80' lang='lat' dir='ltr'>Artes,</span> <span class='ocrx_word' id='word_1_250' title='bbox 905 3020 957 3073; x_wconf 81' lang='lat'>345</span> 
     </span>
     <span class='ocr_line' id='line_1_37' title="bbox 218 3080 758 3149; baseline 0.004 -17"><span class='ocrx_word' id='word_1_251' title='bbox 218 3082 287 3149; x_wconf 81' lang='lat' dir='ltr'>Quas</span> <span class='ocrx_word' id='word_1_252' title='bbox 304 3096 371 3134; x_wconf 83' lang='lat' dir='ltr'>ratus</span> <span class='ocrx_word' id='word_1_253' title='bbox 389 3099 415 3135; x_wconf 83' lang='lat' dir='ltr'>es</span> <span class='ocrx_word' id='word_1_254' title='bbox 432 3083 523 3136; x_wconf 77' lang='lat' dir='ltr'>vetitos</span> <span class='ocrx_word' id='word_1_255' title='bbox 539 3080 662 3133; x_wconf 80' lang='lat' dir='ltr'>solicitalle</span> <span class='ocrx_word' id='word_1_256' title='bbox 672 3093 758 3134; x_wconf 80' lang='lat' dir='ltr'>totos.</span> 
     </span>
    </p>
   </div>
   <div class='ocr_carea' id='block_1_8' title="bbox 0 0 1217 3942">
    <p class='ocr_par' dir='ltr' id='par_1_24' title="bbox 0 0 1217 3942">
     <span class='ocr_line' id='line_1_38' title="bbox 0 0 1217 3942; baseline 0 0"><span class='ocrx_word' id='word_1_257' title='bbox 0 0 1217 3942; x_wconf 95' lang='lat' dir='ltr'> </span> 
     </span>
    </p>
   </div>
  </div>
 </body>
</html>
