2367 3942
314 421 391 494 286
428 421 469 490 P.
498 418 689 490 OVIDJI
714 421 946 490 NAsouis
1026 492 1033 502 ,

313 543 368 594 Nec
379 555 460 590 tumen
469 541 575 606 irnimpo
586 573 595 596 ,
609 535 657 604 qud
668 555 715 587 non
726 538 784 588 licet
794 539 829 588 ire
841 556 847 589 :
861 539 964 606 satisque
975 540 1024 600 est,

349 614 418 664 Attia
435 613 456 662 si
472 613 540 662 nobis
556 610 721 677 nonpetuiffe
739 627 823 679 negas.

270 704 286 737 2
291 703 303 750 5
315 685 399 753 thue
415 687 460 736 tibi
475 685 549 735 fuerit
563 701 659 735 mecum
675 683 794 749 emplius,
815 699 866 734 uno

350 761 445 826 Nempe
463 758 587 817 saluteris,
607 759 677 824 quim
691 754 777 822 priuis,
795 773 838 808 ore
853 756 942 806 minus.

315 834 369 883 Nec
385 844 441 882 tuus
454 831 487 880 est
504 831 602 898 genitor
616 846 660 880 nos
678 828 797 879 inficiatus
812 829 923 888 amicoS,

352 905 471 955 Hortatur
485 903 553 954 studii
569 901 685 969 causaque
702 902 790 968 faxque
806 903 864 952 mei.

315 977 362 1028 Cui
376 994 421 1027 nos
435 977 461 1026 dt
476 976 612 1044 lacrymas,
629 975 761 1040 supremum
778 975 802 1024 in
817 975 904 1024 funere
920 992 1024 1036 munus,

273 1065 306 1116 30
354 1049 387 1099 Et
401 1050 509 1099 dedimus
525 1049 605 1098 medio
622 1047 707 1114 scripta
724 1047 831 1096 canende
846 1048 913 1097 foro.

315 1123 386 1173 Adde
401 1122 467 1188 quod
484 1121 517 1172 eu
533 1122 608 1172 frater
620 1133 689 1171 tanto
705 1120 750 1170 tibi
765 1120 859 1186 jundus
876 1137 981 1180 amore,

352 1194 463 1257 Quantus
478 1195 502 1243 in
519 1195 609 1243 Atridis
625 1193 817 1260 Tyndaridisque
835 1193 891 1243 fuit.

316 1269 339 1318 ls
350 1285 389 1317 me
398 1285 446 1317 nec
457 1267 589 1326 comitem,
609 1281 654 1316 nec
666 1265 809 1332 dedignatus
819 1266 923 1315 amicum
935 1264 969 1314 est
981 1282 990 1316 t

352 1341 378 1390 si
393 1354 473 1391 temen
489 1341 541 1390 hec
558 1340 656 1388 illinon
673 1340 782 1390 nocitura
796 1350 876 1404 putes.

253 1465 259 1476 ,
274 1427 286 1477 3
293 1429 305 1475 5
319 1413 451 1470 siminus,
465 1413 510 1462 hac
520 1428 617 1479 quoque
633 1427 672 1461 me
682 1408 820 1462 mendacem
832 1423 900 1476 parte
918 1411 1026 1461 fatebor.

353 1486 439 1536 Clausa
456 1485 514 1534 mihi
528 1484 608 1550 potitis
625 1496 677 1534 tota
692 1485 778 1534 sitista
795 1484 888 1534 dumus.
1025 1477 1030 1484 ⁴

316 1559 364 1608 Sed
382 1574 462 1625 neque
477 1558 608 1608 claudenda
626 1557 679 1615 est3
697 1557 723 1606 δι
739 1558 803 1606 nulla
820 1553 930 1623 potentia
946 1554 1011 1606 vires

352 1630 498 1689 Praestandi,
518 1646 549 1679 ne
565 1630 621 1696 quid
636 1641 725 1695 peccet
741 1630 850 1685 amicus,
868 1630 953 1678 habet.

315 1704 347 1753 Et
356 1715 437 1752 temen
447 1715 474 1752 ut
485 1705 599 1768 cuperem
610 1704 702 1768 culpam
713 1719 809 1770 quoque
818 1701 884 1767 poss'e
895 1699 1001 1770 negarit

171 1804 175 1810 ›
270 1791 306 1837 40
353 1776 394 1824 Sic
410 1775 501 1825 facinus
518 1791 590 1824 nemo
606 1776 682 1824 nescit
696 1775 773 1825 abeffe
788 1774 855 1824 mihi.

315 1847 391 1910 Quod
407 1846 454 1902 nisi
469 1845 548 1896 delicti
563 1863 618 1912 pars
634 1847 773 1897 excusabilis
790 1846 867 1904 effet,

352 1917 428 1968 Parva
444 1919 547 1987 relegati
563 1935 636 1986 poena
652 1919 731 1970 futura
747 1919 803 1970 fuit.

315 1991 370 2060 ipse
385 1991 426 2042 sed
441 1992 489 2042 hoc
506 1992 586 2051 vidit,
603 1985 645 2059 qui
658 1993 769 2059 pervidet
783 1991 881 2051 omnia,
901 1991 1002 2050 Cesar,

353 2065 482 2116 stultitiam
499 2065 547 2115 dici
564 2063 662 2115 crimina
678 2065 744 2132 posse
759 2083 823 2116 mea.

271 2153 305 2200 45
319 2137 423 2204 Quique
433 2155 480 2206 ego
491 2139 589 2204 permisi
598 2172 606 2197 ,
614 2137 707 2205 quique
719 2139 752 2188 est
762 2155 801 2188 res
809 2137 1007 2204 peisa‚pepercit
1019 2153 1029 2189 ι

356 2213 418 2261 Usus
433 2213 458 2261 dt
475 2211 508 2262 est
523 2211 617 2260 modice
633 2211 737 2260 fulminis
753 2211 808 2278 igne
825 2210 870 2260 sui.

315 2284 369 2334 Nec
385 2284 478 2340 vitam,
493 2299 538 2333 nec
554 2280 615 2348 opes'
624 2315 632 2340 ,
646 2299 693 2332 nec
710 2283 799 2333 ademit
814 2282 881 2350 poise
896 2281 1009 2341 reverti,

353 2356 377 2405 Si
394 2356 433 2406 sua
448 2371 493 2421 pet
508 2355 597 2409 vestras
612 2355 673 2404 viiia
688 2355 720 2405 sit
733 2356 768 2404 ire
783 2371 878 2421 preces.

316 2427 351 2478 At
363 2428 470 2495 gravier
486 2428 562 2478 cecidi
580 2445 587 2479 ε
602 2429 657 2494 quid
674 2429 737 2477 enim
750 2429 874 2487 mirabile,
891 2427 911 2477 si
926 2428 980 2494 quis

275 2514 308 2561 50
356 2500 378 2549 Α
392 2499 455 2550 Jove
469 2499 589 2564 pertusius
606 2517 655 2550 non
671 2503 725 2549 leve
739 2503 827 2550 vulnus
842 2499 940 2551 habet?

316 2571 369 2638 lpse
385 2567 478 2621 suas'ut
493 2571 540 2638 jam
557 2573 623 2622 vires
640 2571 760 2622 inhiberet
775 2573 905 2631 Achilles,

299 2637 304 2644 ’
352 2642 421 2692 Missa
437 2660 522 2710 graves
539 2645 600 2695 iiius
615 2643 693 2694 Pelias
709 2643 771 2694 hassa
786 2645 850 2694 tulit.

315 2715 433 2768 iudicium
449 2717 517 2766 nobis
535 2717 608 2784 igitur
623 2715 675 2766 crim
690 2717 790 2766 vindicis
806 2718 888 2779 adsit,

353 2789 410 2838 Nun
427 2788 460 2838 est
477 2804 520 2840 cur
535 2801 577 2839 tua
592 2806 630 2840 me
648 2789 719 2856 janua
734 2789 799 2840 noss'e
816 2803 901 2859 neget.

274 2876 305 2924 55
319 2859 391 2910 Cultu
405 2861 518 2928 quidem,
536 2861 615 2911 fateor
628 2895 636 2920 ,
656 2863 733 2922 citra,
754 2867 823 2930 quim
842 2863 944 2921 debuit,
960 2863 1002 2914 iiie
1013 2849 1026 2918 τ’

311 2960 315 2974 ·
354 2935 401 2983 Sed
417 2935 462 2984 fuit
477 2936 500 2986 in
515 2934 571 2985 fatis
588 2936 636 2984 hoc
653 2952 764 3003 quoque,
786 2938 878 2996 credo,
896 2939 966 2988 meis.

317 3009 370 3056 Nec
387 3018 467 3056 temen
483 3005 588 3056 officium
605 3009 677 3059 sensit
692 3011 765 3078 magis
782 3012 856 3061 altera
870 3009 985 3065 nostrum.

353 3077 400 3129 Hic
411 3113 419 3138 ,
434 3079 502 3140 illic,
521 3080 600 3134 vestro
613 3082 655 3134 sub
667 3081 728 3135 Lare
743 3085 833 3152 semper
846 3099 920 3135 eram.
