2367 3942
320 473 392 543 192
441 452 481 519 P.
507 451 700 521 Orrurr
726 450 959 520 Nasours

313 570 362 621 Sed
380 548 513 635 nequeme
530 581 611 633 nuptae
627 569 762 619 didicerunt
779 570 842 619 furta
856 568 988 638 magillro:

349 641 473 707 Quodque
488 658 571 707 parum
588 642 676 701 novit,
696 659 768 693 nemo
784 643 874 692 docere
890 643 980 709 potest.

313 716 354 767 Sic
371 732 418 782 ego
436 714 553 772 delicias,
574 714 600 764 ὃ(
617 714 698 765 mollia
714 715 817 765 carmina
834 716 901 775 seci,
920 748 926 753 -
986 738 990 755 ι

252 809 304 861 350
351 788 479 837 StrInxerit
493 799 520 837 ut
537 804 627 837 nomen
642 788 721 838 fabula
736 790 801 837 nulla
818 806 907 839 meum.

312 864 368 913 Nec
383 862 507 927 quisquam
526 860 559 909 est
572 861 635 910 adeo
652 860 730 911 medii
747 862 776 911 de
792 862 863 926 plebe
882 860 1006 922 maritus,

351 935 387 985 Ut
403 934 488 984 dubius
505 933 566 983 vitio
585 934 616 983 sit
632 947 702 999 pater
717 934 759 983 ille
776 951 842 985 meo.

315 1008 396 1058 Crede
410 1007 488 1065 mihi3
505 1022 586 1056 mores
604 1006 688 1056 distant
703 1024 716 1055 a
731 1008 836 1056 carmine
852 1006 942 1058 nossri:

350 1080 410 1129 Vita
425 1080 563 1129 verecunda
579 1078 635 1139 est,
653 1078 723 1129 Musa
739 1078 842 1145 jocosa,
863 1081 930 1129 mihi.

252 1171 302 1223 355
316 1154 454 1220 Magnaque
464 1169 518 1219 pars
529 1169 629 1218 opetum
641 1186 649 1211 ,
661 1153 762 1203 mendax
773 1153 798 1203 δι
809 1151 882 1213 sista,
895 1170 1007 1204 meorum

352 1226 408 1276 Plus
423 1226 468 1275 sibi
481 1226 588 1292 permisit
605 1226 770 1292 compositore
788 1226 839 1276 suo.

314 1300 369 1351 Nec
380 1298 442 1347 liber
452 1298 566 1347 indicium
577 1298 610 1347 esi
620 1298 692 1348 animi
705 1333 713 1357 ,
726 1299 767 1349 sed
776 1297 874 1349 honesta
888 1299 1004 1365 voluptas
1016 1330 1025 1356 ,

349 1372 452 1422 Plurima
468 1371 601 1420 mulcendis
615 1372 714 1423 auribus
731 1386 787 1439 apta
804 1373 894 1422 serens.

314 1446 405 1499 Accius
419 1443 477 1494 esset
493 1456 582 1502 atrox,
604 1445 708 1494 conviva
723 1446 855 1495 Terentius
871 1443 948 1503 esset,

252 1521 305 1587 360
353 1518 432 1568 Essent
444 1533 585 1585 pugnaces,
604 1517 644 1584 qui
656 1518 707 1568 sera
722 1519 785 1567 bella
800 1530 898 1568 canunt.

314 1593 430 1658 Denique
448 1591 570 1657 composui
586 1603 686 1641 teneros
705 1605 754 1641 non
770 1590 833 1641 solus
850 1606 965 1649 amores;
1017 1602 1020 1610 ’

350 1663 496 1729 Composito
512 1680 595 1729 poenas
614 1663 676 1714 solus
693 1681 775 1714 amore
794 1658 858 1714 dedi.

314 1734 381 1800 Quid
394 1770 401 1794 ‚
414 1736 460 1803 nisi
475 1752 528 1785 cum
544 1738 621 1784 multo
637 1738 762 1791 Venerem
778 1736 927 1787 confundere
941 1734 1027 1795 vino,

349 1807 466 1873 Praecepit
483 1807 565 1873 Lyrici
581 1806 646 1855 Teia
663 1808 733 1858 Musa
751 1807 835 1857 senis?

251 1884 300 1951 365
314 1880 400 1930 Lesbia
416 1879 474 1947 quid
489 1879 572 1929 docuit
587 1880 703 1946 Sappho,
724 1880 769 1929 nisi
783 1897 883 1938 amare,
904 1878 1027 1946 puellas?
1089 1884 1096 1933 7,

348 1954 414 2003 Tuta
429 1965 510 2003 tamen
525 1952 642 2019 Sappho,
660 1964 726 2003 tutus
745 1953 770 2003 δι
788 1954 829 2003 ille
846 1954 900 2002 fuit.

311 2028 366 2077 Nec
382 2026 446 2085 tibi,
464 2027 593 2082 Battiade,
613 2026 715 2086 nocuit,
732 2027 797 2093 quod
812 2026 874 2093 saepe
891 2025 988 2092 legenti
1048 2017 1051 2025 ’
1094 2042 1095 2054 ’

349 2100 457 2151 Delicias
473 2100 543 2150 versu
557 2098 628 2150 fassus
644 2118 669 2150 es
685 2100 734 2165 ipse
747 2112 809 2150 tuas.

312 2175 400 2224 Fabula
416 2173 514 2239 jucundi
532 2175 596 2222 nulla
612 2172 646 2222 est
660 2172 712 2223 sine
729 2189 811 2223 amore
828 2168 979 2222 Menandri:

251 2262 303 2313 370
351 2247 382 2296 Et
398 2247 459 2296 solet
473 2247 513 2295 hic
527 2246 606 2311 pueris
624 2246 801 2310 virginibusque
817 2245 875 2312 legi.

312 2319 367 2370 llias
382 2320 430 2384 ipsa
442 2318 498 2385 quid
515 2317 569 2376 eli,
588 2317 633 2365 nisi
648 2316 725 2382 turpis
740 2318 868 2375 adultera,
889 2316 919 2365 de
936 2330 987 2381 qua
1081 2370 1089 2383 ,

347 2393 415 2440 inter
431 2402 562 2441 amatorem
577 2405 657 2456 pugna
673 2389 797 2454 virumque
814 2385 884 2438 suit?

310 2463 377 2528 Quid
395 2464 458 2527 prius
475 2461 508 2511 est
522 2461 556 2509 illi
574 2460 668 2509 flamma
685 2458 858 2527 Chryse'idosi
877 2468 954 2525 utque

348 2536 444 2585 Fecerit
461 2535 536 2583 iratos
551 2544 619 2598 rapta
636 2534 715 2599 puella
732 2530 830 2583 duces?

248 2626 282 2677 37
287 2626 299 2673 5
314 2608 363 2659 Aut
373 2608 430 2673 quid
442 2606 549 2674 Odyssea
558 2605 606 2665 esi,
616 2606 661 2657 nisi
672 2606 775 2665 femina,
785 2616 886 2673 propter
896 2618 1022 2666 amorem,
1087 2640 1088 2647 κ

346 2681 414 2738 Dum
428 2681 466 2729 vir
479 2679 562 2737 abest,
581 2680 662 2730 multis
679 2696 725 2730 una
740 2680 817 2747 petita
832 2676 937 2746 procis?

310 2752 371 2816 Quis
383 2785 391 2811 ,
405 2752 449 2802 nisi
461 2752 612 2812 Maeonides,
627 2746 752 2804 Venerem
764 2754 917 2817 Martemque
928 2751 1019 2819 ligatos

347 2827 454 2885 Narrat,
471 2827 494 2876 in
512 2827 617 2876 obsceno
635 2842 737 2891 corpora
753 2827 837 2891 prensa
853 2823 932 2876 toro?

311 2900 404 2960 Unde,
421 2898 467 2950 nisi
484 2900 574 2949 indicio
588 2900 667 2967 magni
683 2898 795 2949 sciremus
812 2898 932 2957 Homeri,

246 2974 299 3041 380
347 2973 453 3041 Hospitis
467 2974 522 3041 igne
537 2974 594 3022 duas
609 2971 729 3022 incaluisse
743 2970 832 3022 Deos?

276 3045 278 3049 ’
309 3047 391 3097 Omne
406 3064 481 3114 genus
497 3046 577 3112 scripti
592 3046 710 3112 gravitate
725 3044 854 3113 Tragoedia
868 3042 964 3093 vineit:

344 3119 407 3170 Haec
422 3137 520 3189 quoque
532 3120 656 3171 materiam
670 3118 762 3185 semper
778 3116 864 3169 amoris
878 3118 977 3239 habet.N
1081 3176 1082 3179 Ἴ

981 3204 1020 3235 am
