2367 3942
262 382 335 457 ‘¹
441 434 624 501 Inus.
810 434 933 529 385'
1033 446 1038 453 ·

98 612 101 619 ⁴
182 552 215 604 Sit
231 550 274 607 tibi
290 549 397 619 conjugii
413 566 463 601 nox
478 550 554 617 prima
570 544 701 601 novissima
714 549 792 611 vite,

216 626 314 691 Eupolis
329 628 378 675 hoc
392 625 483 691 periit,
501 624 527 674 δι
544 636 607 673 nova
625 634 699 687 nupta
711 654 719 681 ,
732 625 816 677 modo.
852 630 856 639 '
897 640 949 693 530

180 698 260 764 thue
276 700 446 749 cothurnatum
462 694 571 747 cecidisse
582 695 745 762 Lycophrona
759 710 857 750 tranant
867 731 892 760 ,1

216 770 313 821 Haereat
329 769 431 821 inlibris
447 768 494 819 fixa
510 769 596 835 sagitta
609 769 668 819 tuis.

179 842 230 897 Aut
243 845 309 893 lacer
323 844 347 893 in
362 843 428 895 silvis
441 842 548 893 manibus
562 840 673 909 spargare
686 852 803 901 tuorum,
883 886 889 893 ,

216 915 312 981 Sparsus
328 928 356 966 ut
370 916 404 966 eli
416 916 509 966 Thebis
523 929 603 981 angue
618 924 714 965 creatus
729 932 786 965 avo.

178 987 272 1053 Perque
288 989 355 1039 leros
371 1001 484 1047 montes,
503 999 573 1038 tauro
589 987 714 1052 rapiente,
732 988 854 1050 trahatis,
898 1005 947 1058 535

215 1061 251 1111 Ut
264 1060 338 1112 trulla
354 1060 388 1111 est
403 1060 493 1127 conjux
507 1058 634 1127 imperiosa
651 1060 722 1128 Lyci.

179 1132 302 1201 Quodque
316 1134 364 1184 suae
377 1134 439 1199 pafl'a
453 1134 487 1184 eli
503 1136 585 1199 pellex
599 1134 675 1183 invita
691 1133 786 1196 sorori,
883 1181 888 1188 .

216 1208 317 1257 Excidat
333 1219 390 1258 ante
403 1208 479 1273 pedes
492 1208 572 1273 lingua
585 1206 676 1256 resella
686 1194 758 1258 iuos.
791 1228 795 1235 ·

179 1279 299 1330 Conditor
313 1293 341 1330 ut
355 1281 447 1338 tardas,
462 1279 550 1328 Blaesus
566 1278 730 1345 cognomine,
744 1280 865 1348 Cyrrbae,
887 1327 890 1333 ,
932 1308 953 1325 ·,

988 807 1025 863 sa‘.

216 1352 291 1402 Orbis
309 1353 333 1402 in
349 1351 478 1403 innumeris
492 1351 617 1401 inveniare
631 1351 703 1401 locis.
897 1371 949 1421 54³
992 1414 998 1420 Ι

177 1426 255 1491 Inque
269 1425 318 1475 tuis
335 1425 437 1488 opitex,
455 1424 506 1473 vati
521 1424 586 1490 quod
601 1424 662 1473 lecit
674 1423 785 1486 acheo,
835 1474 839 1479 ,
884 1443 893 1479 1ι

216 1498 296 1546 Noxia
311 1496 542 1561 luminibus-spicula
557 1494 646 1545 condat
660 1495 721 1559 apis.

177 1570 251 1622 Fixus
268 1569 294 1619 bt
311 1570 334 1617 in
352 1568 416 1619 duris
432 1568 535 1634 carparis
550 1567 641 1617 viscera
657 1567 737 1626 saxis,

215 1641 252 1691 Ut
267 1640 307 1690 cui
323 1640 414 1707 Pyrrha
430 1641 466 1691 sui
480 1639 529 1689 lilia
545 1639 626 1689 fratris
642 1652 705 1690 etat.
945 1672 950 1682 «

176 1716 214 1767 υτ
226 1729 287 1779 puer
302 1712 470 1779 Harpagides,
488 1712 578 1763 referas
593 1714 705 1778 exempla
717 1714 850 1782 Thyeliae,
884 1708 951 1784 §545¹

215 1787 291 1850 lnque
306 1786 345 1835 tui
359 1786 434 1837 celus
450 1784 541 1839 viscera
556 1786 630 1851 patris
646 1802 698 1839 eas.
809 1835 812 1841 .

176 1859 277 1910 Trunca
293 1874 380 1925 geras,
397 1858 460 1911 sevo
475 1858 588 1913 mutilatis
603 1860 710 1924 partibus
726 1861 802 1922 ense,
817 1889 821 1898 =
855 1871 859 1878 '
874 1907 891 1917 ..

214 1931 302 1996 Qualia
319 1930 456 1983 Mimnermi
474 1933 579 1981 membra
597 1931 665 1982 fuisse
683 1933 775 1986 lerunt.

177 2004 245 2053 Utve
262 2005 391 2071 Syracosio
407 2002 532 2069 predulci&
548 2003 618 2053 fauce
635 2004 735 2068 ροὸτε,

216 2077 255 2126 Sic
270 2077 352 2126 animae
366 2078 454 2142 laqueo
470 2076 503 2125 sit
519 2074 557 2124 via
574 2074 651 2125 clausa
664 2087 723 2127 τιτι.
768 2110 786 2138 ,
895 2095 910 2145 ,ς
915 2098 948 2145 50

176 2150 280 2202 Nudave
298 2148 398 2217 decepti
413 2158 512 2215 pateant
527 2159 569 2197 tua
585 2147 677 2197 viscera
692 2150 778 2214 pelle,

215 2221 251 2271 Ut
269 2220 398 2289 Phrygium
416 2219 595 2285 cujusnomina
610 2219 795 2273 flumenbabet.
837 2275 841 2282 ⁸

98 2302 100 2313 '
177 2293 288 2346 Saxificae
304 2296 384 2347 videas
401 2294 485 2347 infelix
502 2310 544 2345 ora
560 2292 690 2351 Medusa,

217 2366 359 2432 Cephenum
375 2369 464 2421 multos
480 2384 533 2433 quae
551 2365 619 2423 dedit
633 2382 681 2436 una
695 2367 759 2421 neci.

177 2439 322 2493 Potniadum
334 2440 424 2492 morsus
435 2440 519 2491 lubeas
531 2471 538 2497 ,
550 2450 578 2488 ut
590 2437 720 2494 Glaucus,
733 2456 849 2505 equarum
861 2455 885 2495 τι
898 2459 928 2506 55
935 2459 947 2507 5

216 2513 293 2577 inque
308 2513 379 2563 maris
395 2513 462 2565 salias
477 2546 484 2570 ,
502 2511 612 2563 Glaucus
627 2524 655 2561 ut
670 2512 751 2570 alter,
770 2528 853 2578 aquas.

178 2586 265 2650 thue
282 2584 374 2635 duobus
390 2584 453 2635 idem
471 2584 537 2635 diuis
552 2585 627 2634 modb
643 2601 732 2635 nomen
747 2586 864 2645 babenti,
880 2631 886 2645 ,

217 2656 355 2711 Praefocent
367 2658 452 2707 animae
471 2656 565 2707 Gnosia
581 2657 653 2707 mella
670 2660 743 2707 viam.

174 2728 328 2795 Solicitoque
344 2731 432 2789 bibas,
452 2728 528 2795 Anyti
548 2728 696 2781 dot'lissimus
711 2731 769 2781 olim

214 2801 392 2865 imperturbato
409 2803 474 2869 quod
489 2802 549 2853 bibit
564 2818 607 2852 ote
621 2818 688 2852 teus.
896 2797 947 2871 5'66

175 2877 234 2926 Nec
249 2872 312 2931 titi,
330 2873 349 2922 si
364 2876 420 2941 quid
433 2892 516 2934 amas,
534 2874 629 2931 felicius
643 2875 762 2927 Hemone
776 2875 848 2930 cedat
857 2894 885 2937 r,

214 2947 299 3010 thue
313 2944 352 2993 sul
366 2946 513 3006 Macareus,
532 2948 567 2998 sic
579 2947 672 3012 potiare
688 2947 740 2997 tul.
843 2978 847 2985 -

174 3021 228 3077 Vel
237 3017 319 3067 videas
327 3050 336 3074 ,
345 3020 409 3084 quod
418 3018 480 3084 jam,
492 3018 544 3071 crim
554 3020 654 3072 damma
662 3018 746 3073 cunta
755 3032 883 3083 tacent,

213 3090 350 3145 Heuoteus
367 3091 443 3155 patrib
456 3092 517 3146 vidit
530 3094 560 3145 ab
573 3109 631 3157 arce
642 3104 732 3159 ,pucn'
755 3144 762 3153 .
835 3130 839 3138 ι
906 3144 920 3153 ,,
936 3147 943 3157 ,

244 3163 327 3215 Tamus
346 3162 382 3215 ΙΙ
386 3163 409 3220 1.
803 3160 841 3219 'R
