2367 3942
280 408 356 483 194
393 388 436 455 P.
460 385 916 461 0V1rrrrNAsorrrs

277 513 387 577 Suntque
395 524 427 558 ea
437 508 563 559 deirorum
570 509 733 559 monumentis
743 508 817 558 mixta
827 510 951 572 virorum,

213 603 268 651 420
313 582 506 649 Muneribusque
520 581 609 632 ducum
623 580 720 647 publica
734 580 795 631 falla
810 593 905 647 patent.

276 658 349 709 Neve
362 654 497 723 peregrinis
512 652 604 707 tannim
620 654 737 705 defendar
750 655 781 704 ab
796 655 887 715 armis,

312 728 345 780 Et
358 730 482 780 Romanus
497 728 570 778 habet
584 728 661 777 multa
674 726 758 793 jocosa
773 727 845 778 liber.
911 750 921 753 ·

275 802 360 869 thue
374 802 419 856 suo
433 801 541 853 Martem
555 795 646 851 cecinit
661 800 740 869 gravis
754 800 845 851 Ennius
859 818 904 855 ore
915 836 928 863 ,

312 874 403 926 Ennius
419 874 517 943 ingenio
534 874 669 933 maximus,
684 886 735 923 arte
752 873 818 923 rudis
829 892 849 933 ς·

212 966 265 1017 425
277 949 390 1015 Explicat
405 960 434 999 ut
445 948 526 999 causas
543 949 620 1015 rapidi
635 946 762 997 Lucretius
776 946 856 1014 ignis,

311 1022 475 1089 Casurumque
490 1020 579 1087 triplex
595 1020 738 1071 vaticinatur
753 1035 838 1085 opus3

274 1094 314 1147 Sic
331 1094 371 1144 sua
386 1094 476 1145 lascivo
493 1104 588 1144 cantata
604 1093 637 1143 est
653 1092 714 1159 sape
730 1091 830 1142 Catullo

279 1196 282 1201 .
310 1167 426 1227 femina,
444 1167 483 1217 cui
497 1167 580 1216 falsum
595 1165 682 1217 Lesbia
695 1181 785 1215 numen
802 1178 865 1215 erat.

188 1300 192 1309 ¹
274 1242 329 1293 Nec
344 1252 474 1291 contentus
487 1238 535 1298 ei,
554 1240 645 1290 multos
661 1237 766 1305 signavit
780 1254 896 1296 amores,

211 1328 266 1380 430
312 1314 341 1363 ln
355 1312 441 1379 quibus
457 1312 507 1379 ipse
520 1312 587 1363 snum
602 1310 671 1363 falsus
686 1312 831 1361 adulterium
848 1310 891 1361 est.

274 1386 319 1439 Par
333 1386 379 1437 mit
393 1385 494 1454 exigui,
509 1384 642 1451 sirrilisque
657 1384 773 1441 licentia,
792 1382 880 1442 Calvi,

309 1459 416 1510 Detexit
431 1458 504 1509 variis
519 1458 560 1525 qui
575 1459 616 1508 sual
631 1457 696 1507 furta
712 1456 799 1506 modis.

247 1526 315 1598 Quid
323 1527 607 1597 referimTicldae,quid
616 1528 718 1581 Memmi
727 1524 912 1595 carmenlapttd
920 1545 983 1596 quos

307 1604 390 1656 Rebus
405 1605 470 1675 alpest
485 1606 563 1655 omnis
577 1604 762 1669 nominibusque
775 1600 872 1669 pudor.'

208 1673 981 1745 435Cinnaquoquehiscomesell,CinniqueprocaciorAnler:

306 1750 338 1798 Et
352 1752 407 1799 leve
424 1748 560 1808 Cornifici,
578 1764 669 1815 parque
685 1748 785 1798 Catonis
803 1764 875 1813 opus.

270 1822 418 1887 thuorum
430 1820 516 1878 libris,
534 1818 607 1869 modi>
622 1819 769 1871 dissimulata
782 1818 879 1871 Perillae

307 1894 431 1951 Nomine,
448 1909 513 1943 nunc
527 1894 616 1961 legitur
633 1892 692 1943 dicta
705 1892 829 1950 Metella,
846 1893 900 1943 suo.
949 1892 953 1903 ’

270 1968 294 2017 ls
310 1983 425 2034 qnoque,
443 1966 570 2018 Phasiacas
583 1966 651 2035 Argo
665 1965 706 2033 qui
722 1965 789 2016 duxit
802 1965 830 2015 in'
841 1966 937 2025 undas.

207 2055 260 2101 440
308 2042 366 2090 Non
380 2040 579 2106 potnitVeneris
595 2040 658 2091 furta
672 2052 755 2091 tacere
770 2039 827 2091 sue.
927 2079 929 2085 .

270 2114 294 2164 N
296 2129 325 2163 ec
335 2114 413 2164 minus
424 2112 559 2174 Hortensi,
574 2130 620 2167 nec
632 2114 686 2163 sunt
700 2115 780 2163 nunus
791 2114 899 2181 improba
909 2111 982 2165 Servi

308 2186 418 2237 Carmina
431 2186 506 2252 aquis
522 2186 618 2236 dubitet
631 2186 727 2237 nonn'na
740 2198 807 2236 tanta
822 2182 909 2253 sequit

269 2259 354 2314 Vertit
369 2257 489 2309 Aristiden
504 2258 603 2309 Sisenna
618 2276 625 2309 c
640 2274 687 2309 nec
703 2258 782 2310 obfuit
795 2259 831 2309 illi

305 2332 515 2396 Historiae-turpes
530 2331 650 2381 inseruisse
667 2331 747 2396 jocos.

207 2418 258 2468 445
271 2404 327 2454 Nec
342 2403 390 2453 fuit
404 2404 535 2469 opprobrio
551 2403 680 2453 celebrasse
693 2402 812 2469 Lycorida
828 2401 903 2455 Gallo
913 2416 927 2462 ,'

306 2476 354 2525 Sed
369 2475 473 2541 linguam
487 2476 562 2525 nimio
577 2492 626 2525 non
640 2474 739 2525 tenuille
755 2489 832 2525 mero.
916 2477 918 2481 '

271 2549 380 2599 Credere
395 2546 485 2612 juranti
500 2544 584 2597 durum
599 2558 669 2613 putat
684 2546 731 2596 elie
746 2546 877 2607 Tibullus,
929 2586 932 2593 .

305 2621 345 2671 Sic
361 2620 433 2671 etiam
447 2620 478 2669 de
493 2619 520 2670 se
534 2620 599 2687 quod
613 2631 691 2687 neget
702 2620 743 2669 illa
759 2620 823 2670 viro.
927 2604 936 2627 ⁸

270 2694 364 2744 Fallere
380 2692 503 2743 custodem
519 2692 616 2743 demum
630 2691 734 2743 docuisse
749 2692 838 2742 fatetur
850 2722 863 2751 „
919 2713 922 2719 ·

205 2783 260 2832 450
306 2768 387 2834 Seque
402 2765 443 2818 sui
456 2764 566 2816 miserum
580 2782 645 2816 nunc
660 2764 694 2815 ait
708 2776 760 2816 arte
776 2764 863 2833 premi.

269 2841 339 2906 Saepe
353 2841 422 2891 velut
431 2829 552 2907 gemmam
566 2838 669 2889 dominae
684 2838 810 2907 signumve
824 2840 958 2907 probaret,

306 2914 354 2964 Per
369 2913 462 2963 causam
474 2911 584 2963 'meminit
599 2913 622 2963 se
637 2912 746 2980 tetigisse·
756 2929 862 2964 manum.

269 2990 352 3053 thue
365 2988 460 3047 refert,
475 2986 554 3054 digitis
570 2986 632 3053 saepe
648 2986 681 3036 est
696 2998 804 3053 nutuque
821 2989 940 3046 locutus,

303 3061 338 3113 Et
351 3061 449 3112 tacitam
461 3060 547 3113 mense
563 3060 632 3113 duxit
646 3059 670 3116 in
686 3062 746 3115 orbe
761 3072 853 3113 notan.
897 3103 900 3108 .
