2367 3942
312 461 595 529 ansrrunr
622 452 776 528 Lini.
832 464 903 554 167

191 584 293 650 Jamque
312 580 470 648 quiescebant
483 596 559 629 voces
574 578 745 645 hominumque
761 597 912 649 canumque,

232 656 349 721 Lunaque
364 654 497 704 nosturnos
511 653 559 701 alta
573 654 676 719 regebat
691 668 786 719 equos:

193 730 264 781 Hanc
279 744 328 797 ego
343 727 491 797 suspiciens,
504 726 531 776 &
544 727 573 774 ab
586 727 632 775 hac
648 725 770 791 Capitolia
784 742 903 789 cernens,

232 802 294 867 Quae
311 800 393 851 nostro
408 799 490 850 frustra
505 797 585 864 junita
602 799 671 848 suere
686 798 759 857 Lari3
914 816 948 869 30

194 876 300 928 Numina
313 874 402 925 vicinis
417 872 549 923 habitantia
562 871 674 930 sedibus,
692 872 804 937 inquam,

231 949 334 1015 Jamquq
350 946 428 997 oculis
443 960 569 1013 numquam
581 946 672 1009 templa
687 946 790 995 videnda
805 948 882 1007 meis,

194 1021 277 1088 Dique
292 1020 463 1086 relinquendi,
478 1033 539 1086 quos
553 1017 619 1067 Urbs
633 1019 707 1067 habet
722 1021 770 1089 alta
786 1020 902 1085 Quirini3

231 1094 286 1144 Este
299 1091 397 1156 salutati
410 1104 506 1158 tempus
520 1092 546 1141 in
561 1105 633 1141 omne
648 1091 717 1144 mihi.
810 1094 814 1101 '

194 1168 228 1219 Et
243 1180 387 1233 quamquam
404 1164 457 1215 sero
473 1167 584 1233 ciypeum
601 1164 653 1231 post
668 1166 769 1215 vulnera
784 1165 868 1227 sumo,
916 1182 947 1235 35

232 1240 350 1291 Attamen
365 1240 428 1288 hanc
444 1239 505 1289 odiis
519 1250 652 1288 exonerate
669 1238 747 1307 sugam
760 1256 769 1297 3

196 1312 346 1379 coelestique
361 1312 433 1369 viro,
451 1312 504 1377 quis
521 1326 561 1361 me
577 1311 703 1379 deceperit
717 1326 806 1372 error,

232 1386 318 1436 Dicite
334 1389 404 1452 3‘pto
421 1384 491 1451 culpa
506 1400 538 1434 ne
553 1384 631 1434 scelus
646 1383 692 1434 effe
709 1391 789 1449 put'etr

196 1460 250 1518 Ut,
265 1458 332 1526 quod
347 1474 393 1508 vos
407 1458 492 1518 scitis,
509 1472 587 1524 poenae
601 1472 700 1525 quoque
714 1458 801 1508 sentiat
815 1459 906 1510 auster.

234 1532 352 1591 Plauto,
367 1530 459 1599 possum
474 1546 525 1580 non
539 1529 611 1579 miser
626 1529 694 1588 esse,
713 1530 781 1580 Deo.
917 1550 953 1597 40

197 1605 252 1657 Hac
266 1621 342 1671 prece
358 1605 459 1655 adorari
477 1605 584 1668 Superos
602 1618 649 1671 ego
665 1616 672 1653 t
687 1603 796 1668 pluribus
810 1620 891 1665 uxor,

234 1679 348 1747 Singultu
362 1679 458 1729 medios
473 1676 638 1744 prepediente
657 1675 747 1726 sonos.¹

199 1752 245 1803 illa
258 1754 349 1811 etiarn,
365 1763 424 1801 ante
439 1751 513 1801 Lares
528 1749 603 1816 passis
621 1749 735 1817 prostrata
752 1747 863 1818 capillis,

239 1824 350 1893 Contigit
364 1824 491 1895 exstinAos
507 1840 550 1874 ore
565 1836 687 1874 tremente
701 1824 782 1875 socos.

200 1896 330 1964 Multaque
347 1898 372 1947 in
390 1898 488 1947 aversos
504 1896 591 1947 effucfit
605 1899 680 1948 verba
697 1896 819 1958 Penates,
862 1922 863 1927 ¹
919 1914 952 1961 45

237 1970 286 2021 Pro
301 1971 429 2037 deplorato
445 1987 493 2020 non
507 1971 611 2021 valitura
626 1971 698 2020 virm·
811 1980 813 1987 ’

200 2044 302 2110 Jamque
316 2059 392 2094 mora
408 2044 506 2110 spatium
520 2060 579 2093 mox
592 2043 740 2110 precipitata
753 2043 877 2109 negabat,

237 2116 365 2183 versaque
381 2117 411 2165 ab
427 2132 472 2167 axe
489 2116 531 2167 suo
546 2115 668 2167 Parrhasis
683 2115 769 2165 atuor
787 2129 847 2167 erat.

202 2188 272 2254 Quid
285 2189 392 2239 iacerem
408 2186 419 2238 i
434 2190 521 2239 blando
537 2189 622 2255 patriae
635 2188 757 2238 retinebar
771 2205 872 2241 amore:

240 2262 333 2313 Ultima
346 2261 386 2312 sed
402 2260 466 2327 jussa
482 2279 531 2313 nox
546 2273 599 2311 erut
613 2262 653 2311 illa
668 2262 739 2328 fugae.
925 2280 957 2327 50

204 2334 246 2387 Aa
261 2335 268 2384 !
285 2335 383 2401 quoties
396 2336 477 2401 aliquo
493 2336 544 2385 dixi
561 2334 727 2400 properante!
742 2333 809 2399 Quid
821 2336 914 2406 urges?

242 2409 293 2460 Vel
308 2406 357 2474 quo
370 2406 467 2458 festines
481 2406 534 2466 ire,
548 2409 590 2457 ves
604 2406 686 2477 uncie,
703 2408 768 2457 eide.

204 2480 246 2532 Ah
262 2481 380 2547 !‘quoties
396 2492 486 2530 certam
500 2480 606 2531 mesum
619 2481 735 2531 mentitus
748 2481 837 2533 habere

243 2552 353 2612 Horam,
368 2555 501 2620 propositae
517 2570 569 2621 quae
584 2554 653 2605 foret
665 2564 720 2621 apta
734 2554 795 2605 viae!

204 2626 260 2677 Ter
273 2626 346 2676 limen
361 2627 431 2695 tetigi
449 2640 511 2685 ;ter
525 2628 575 2677 sum
589 2640 720 2697 reputatus
736 2644 744 2678 r
761 2628 787 2679 &
801 2627 852 2695 ipse
927 2646 958 2695 55

243 2700 375 2767 Indulgens
390 2702 468 2750 animo
477 2703 526 2766 'pes
539 2700 598 2749 inriti
612 2702 693 2769 tardus
710 2712 772 2751 erat.
890 2764 892 2771 Ι

208 2772 299 2838 Saepe,
314 2774 379 2826 Vale
395 2773 477 2832 ditio,
495 2772 575 2823 rursus
589 2773 638 2822 sum
647 2776 725 2824 multa
740 2776 855 2834 locututs
882 2764 887 2774 ’

245 2845 276 2895 Et
291 2847 359 2913 quasi
376 2846 502 2897 discedens
516 2847 598 2896 oscula
614 2844 701 2897 summa
719 2848 784 2897 decii.

211 2916 281 2985 Soepe
298 2919 383 2968 eadem
398 2920 510 2969 mandata
526 2919 582 2970 dedi
599 2934 608 2971 t
625 2934 712 2987 meque
727 2920 776 2987 ipse
791 2918 887 2981 seielli,

249 2991 392 3057 Respiciens
408 2994 487 3043 ocuiis
502 2992 604 3061 pignora
620 3008 674 3043 cata
690 2992 759 3043 meis.
931 2994 966 3044 60

211 3064 637 3133 Denique‚QuidproperoiScythia
645 3056 966 3135 est,quomittimur,ifiquam
978 3086 982 3119 :

249 3138 331 3193 Roma
344 3139 502 3208 relinquenda
515 3137 550 3193 est
565 3154 573 3189 ε
590 3150 691 3207 utraque
705 3138 764 3209 justi
778 3156 845 3191 mora
860 3140 902 3192 est.
1008 3172 1010 3179 ,
