2367 3942
219 394 362 463 Earsr.
391 408 449 461 nx
474 394 620 461 Porro
647 392 686 460 L.
710 394 778 464 IV.
807 412 883 498 351

166 512 327 563 vConveniens
344 510 433 561 miseris
446 510 499 559 haec
517 527 658 577 quamquain
674 514 751 579 gloria
767 513 882 573 nonest,

209 582 322 634 Proxima
338 583 397 633 dant
413 584 482 634 nobis
498 583 585 648 oppida
601 600 685 634 munus
702 586 775 635 idem.

175 660 227 708 Nec
244 658 320 723 pietas
335 656 419 724 ignota
436 672 490 707 inea
505 655 540 705 est
554 673 561 705 ε
576 656 644 707 videt
658 657 752 723 hospita
767 661 839 711 tellus
897 673 943 720 105

210 732 240 779 ln
257 727 337 779 nollri
353 728 445 778 sacrum
459 727 561 779 Caesaris
575 728 622 779 esse
639 730 722 781 domo.

176 804 246 854 Stant
262 802 352 868 pariter
364 815 482 868 natusque
497 802 570 867 pius,
585 801 722 869 conjuxque
738 804 869 865 sacerdos,

211 875 317 925 Numina
331 872 379 940 jam
394 874 457 925 sallo
474 892 522 924 non
540 875 634 925 leviora
648 875 715 926 Deo.

177 950 233 1001 Neu
251 948 314 997 desit
330 962 384 1012 pars
398 949 446 997 ulla
463 946 567 1006 domils3
586 946 631 997 liat
647 960 750 1016 uterque
766 962 902 1016 nepotum

212 1020 260 1071 Hic
278 1019 338 1069 aviae
352 1022 422 1071 lateri
437 1021 581 1087 proximus,
600 1021 643 1071 ille
658 1024 744 1087 patris.
899 1036 948 1072 110

177 1093 221 1144 His
239 1110 287 1160 ego
303 1093 335 1142 do
351 1093 424 1144 toties
439 1110 493 1143 cum
509 1107 564 1145 tute
580 1096 705 1159 precantia
716 1096 809 1153 verba,

119 1176 125 1186 “
215 1166 269 1215 Εοο
285 1167 380 1231 quoties
399 1166 472 1234 surgit
487 1168 516 1215 ab
533 1169 592 1217 orbe
609 1168 670 1217 dies.

179 1239 264 1295 Tota.
282 1238 341 1289 licet
357 1256 469 1305 quaeras,
483 1240 531 1295 hoc
546 1256 584 1287 ine
601 1256 651 1289 non
667 1237 760 1306 lingere
775 1239 860 1298 dicet,

216 1308 398 1369 Officiitestis,
418 1309 520 1360 Pontica
536 1323 620 1370 terra,
639 1313 696 1361 mei.
757 1337 761 1347 =

179 1382 281 1435 Pontica
295 1400 334 1435 me
349 1384 442 1439 tellus,
459 1384 553 1449 quantis
569 1385 613 1435 hac
629 1384 748 1449 possumus
765 1383 829 1442 orb,
900 1395 947 1445 115

215 1456 325 1506 Natalem
343 1456 404 1505 ludis
421 1454 464 1505 scit
480 1457 604 1506 celebrare
619 1457 678 1507 Dei.

180 1530 234 1579 Nec
252 1526 327 1579 muisis
342 1528 473 1595 hospitibus
489 1528 566 1593 pietas
582 1528 615 1579 est
629 1530 727 1596 cognita
740 1529 814 1586 talis,

215 1602 287 1653 Misit
301 1602 326 1650 in
341 1602 384 1650 has
399 1601 420 1651 si
436 1616 497 1666 quos
514 1602 585 1667 longa
604 1600 732 1667 Propontis
748 1616 832 1667 aquas.

179 1676 203 1725 is
214 1690 312 1740 quoque
323 1705 332 1732 ,
350 1690 398 1739 quo
410 1674 484 1723 laevus
494 1672 573 1732 suerat
584 1673 624 1723 sub
635 1673 739 1726 Praeside
749 1673 861 1732 Pontus,

216 1745 331 1797 Audierit
345 1746 420 1797 stater
436 1744 536 1799 forsitan
552 1746 591 1797 isla
609 1759 675 1797 tuus.
901 1756 952 1794 120
982 1740 990 1754 “

180 1820 289 1869 Fortuna
303 1818 336 1869 est
352 1818 426 1885 impar
437 1819 536 1880 anirno,
553 1821 645 1887 talique
660 1820 764 1872 libenter

217 1891 322 1958 Exiguus
339 1908 412 1957 carpo
425 1909 524 1943 munere
541 1909 632 1959 pauper
650 1910 719 1959 opes.

181 1966 236 2015 Nee
247 1963 329 2013 velitis
341 1964 422 2012 damus
433 1966 483 2013 baec
496 1965 573 2013 oculis
586 1997 594 2021 ,
608 1966 695 2029 procul
705 1964 774 2013 Urbe
783 1959 871 2013 remoti
882 1976 894 2021 ς

104 2096 111 2107 ,
220 2034 338 2085 Contenti
353 2034 430 2085 taciti
447 2036 488 2085 sed
501 2037 594 2101 pietate
610 2036 698 2087 fumun

183 2109 215 2161 Et
231 2120 314 2157 tamen
330 2107 383 2157 haec
399 2120 499 2175 tangent
513 2109 642 2178 aliquando
657 2106 757 2160 Caesaris
771 2123 853 2159 aures.
870 2107 875 2112 ’
902 2120 950 2168 125

219 2178 261 2231 Nil
277 2182 330 2239 illi,
348 2193 403 2231 toto
420 2182 484 2247 quod
500 2180 528 2231 sit
545 2182 569 2231 in
585 2183 664 2240 orbe,
681 2182 752 2231 latet.

182 2255 222 2305 Tu
238 2252 366 2319 certeseia
382 2254 430 2303 boc
445 2254 542 2319 Superis
557 2255 665 2313 adscite,
683 2253 820 2319 ridesque,

221 2325 319 2385 Caesar,
338 2339 366 2376 ut
380 2324 414 2376 est
430 2327 506 2377 oculis
522 2326 612 2379 subdita
627 2339 692 2377 terra
709 2326 768 2376 tuis.

182 2401 223 2451 Tu
240 2399 329 2451 nostras
347 2395 415 2449 andis
431 2400 495 2449 inter
512 2416 622 2461 convena
638 2403 733 2452 locatus

220 2472 304 2533 Sidera
319 2505 326 2531 ‚
341 2472 434 2523 solicito
453 2489 510 2540 quas
527 2473 608 2525 damus
625 2490 690 2533 ore,
707 2487 806 2540 preces.
904 2482 955 2535 130

184 2546 331 2605 Perveniant
346 2545 403 2595 istuc
420 2546 446 2595 &
462 2546 564 2606 carmina
581 2547 682 2597 forsitan
696 2546 758 2601 illa,

224 2614 286 2678 Qua
302 2618 332 2683 rie
347 2630 372 2685 te
389 2617 441 2667 misi
460 2618 541 2669 coelite
557 2618 617 2667 sasla
633 2634 710 2679 novo.

185 2690 300 2762 Auguror
316 2690 351 2741 his
365 2691 439 2758 igitur
456 2690 519 2741 llesb‘
534 2704 576 2741 tua
590 2691 706 2749 numina,
723 2706 771 2739 nec
785 2700 813 2741 tu

223 2758 345 2816 Immeritb
357 2780 446 2818 nornen
461 2763 520 2815 urite
533 2762 643 2817 Parentis
657 2764 742 2818 babes·

522 2928 582 3043 ta
