2367 3942
300 450 374 521 186
412 449 453 517 P.
481 400 679 520 Orion
705 450 936 523 Nasonis

297 570 352 620 Nec
366 586 420 619 mea
434 570 536 620 decreto
550 570 663 620 damnasti
679 570 740 621 sada
755 570 878 626 Senatsrs:

334 643 388 693 Nec
404 659 459 692 mea
473 644 562 693 seledo
573 642 658 710 judice
674 641 732 709 jussa
747 645 803 712 fuga
818 647 861 696 est.

297 715 412 767 Tristibus
427 717 535 766 invesius
550 716 653 776 verbis,
670 718 703 766 ita
718 716 830 784 Principe
848 719 970 789 dignum,

333 788 406 840 Ultus
423 805 450 839 es
467 788 586 848 offensas,
603 801 631 839 ut
646 790 735 848 decet,
753 792 802 857 ipse
817 804 880 843 tuas.

242 875 287 926 135
299 860 385 921 Adde,
398 864 464 929 quod
475 863 592 919 edisium,
605 863 712 929 quamvis
724 864 825 914 immane
835 868 989 935 minaxque,

334 935 448 986 Attamen
461 936 485 986 in
498 952 577 1001 poenae
592 936 689 985 nomine
706 937 761 987 lene
779 939 833 987 suit.

297 1006 398 1075 Quippe
410 1011 552 1077 relegatus,
569 1026 619 1059 non
635 1010 719 1068 exsul,
738 1010 807 1060 dicor
823 1012 851 1060 in
860 1012 928 1064 illos

334 1080 457 1148 Parcaque
473 1083 578 1134 fortune
594 1082 647 1132 sunt
664 1084 718 1133 data
734 1086 808 1133 verba
823 1102 892 1135 meae.

297 1155 371 1203 Nulla
385 1156 481 1222 quidem
496 1156 552 1206 sano
569 1156 687 1223 gravior,
703 1158 836 1223 mentisque
853 1159 976 1223 potenti,

240 1240 288 1286 140
336 1226 410 1278 Poena
425 1228 478 1287 esi,
499 1232 568 1296 quim
582 1241 653 1279 tanto
669 1230 808 1296 displicuisse
825 1230 891 1283 viro.

298 1300 347 1350 Se'd
363 1302 424 1352 solet
439 1303 559 1352 interdum
574 1301 627 1352 fieri
644 1304 760 1369 placabile
774 1320 884 1354 numen:

334 1375 407 1424 Nube
420 1374 482 1425 solet
494 1376 563 1442 pulsi
578 1375 694 1427 candidus
708 1376 744 1426 ire
760 1376 821 1427 dies.

298 1446 356 1499 Vidi
373 1464 421 1515 ego
437 1449 567 1515 pampineis
581 1462 706 1499 oneratam
720 1450 807 1499 vitibus
822 1450 936 1510 ulmum,

335 1518 399 1584 Quae
414 1522 492 1572 suerat
509 1523 572 1572 saevo
582 1523 683 1573 fulmine
697 1522 759 1573 tana
775 1522 788 1574 J
791 1523 852 1573 ovis.

230 1604 271 1649 =14
275 1606 287 1653 5
300 1590 353 1657 lpse
369 1594 428 1644 licet
442 1595 537 1661 sperare
550 1608 640 1655 vetes,
659 1594 820 1661 sperabimus:
833 1609 906 1661 atque

335 1664 392 1715 Hoc
405 1684 479 1738 unum
495 1666 567 1725 fieri,
585 1681 611 1718 te
628 1670 794 1734 prohibente,
811 1668 899 1733 potest.

299 1737 360 1803 Spes
369 1738 425 1787 mihi
437 1756 520 1806 magna
529 1741 605 1799 subit,-
620 1739 673 1789 crim
685 1753 726 1798 te,
738 1741 864 1791 mitissime
874 1740 994 1809 Princeps
1001 1757 1012 1799 5

334 1811 395 1876 Spes
409 1812 485 1869 mibi,
500 1812 604 1877 respicio
621 1810 674 1861 crim
690 1828 742 1861 mea
758 1813 824 1870 sata,
841 1815 917 1864 cadit.

296 1881 335 1932 Ac
350 1884 427 1935 veluti
438 1884 518 1933 ventis
532 1884 676 1951 agitantibus
692 1900 790 1951 aequora
803 1902 851 1935 non
865 1886 899 1937 est

241 1968 288 2017 ¹50
335 1954 444 2023 AEqualis
459 1957 559 2016 rabies,
575 1958 753 2024 continuusque
768 1958 855 2016 iuram

297 2027 347 2077 Sed
362 2030 436 2083 modd
451 2031 594 2088 subsidunt,
610 2032 787 2099 intermissique
801 2032 935 2091 silescunt,

334 2103 442 2172 Vimque
457 2117 529 2171 putes
543 2103 610 2161 iilos,
618 2104 750 2171 deposuisse
765 2105 849 2163 suam;

297 2172 337 2223 Sic
348 2178 438 2228 abeunt
450 2212 457 2243 ,
472 2179 624 2245 redeuntque
639 2179 704 2237 mei,
720 2178 860 2244 variantque
870 2176 971 2229 timores
982 2192 993 2237 3
1031 2184 1033 2189 '

333 2246 364 2297 Et
378 2250 443 2315 spem
457 2253 567 2317 placandi
581 2252 686 2317 dantque
701 2250 838 2316 negantque
852 2250 898 2299 tui.
991 2310 995 2315 Ι

239 2332 267 2378 ¹5
273 2332 286 2378 5
299 2316 348 2370 Per
357 2320 464 2387 Superos
476 2324 565 2390 igitur,
577 2324 618 2389 qui
629 2323 687 2373 dent
697 2322 741 2371 tibi
751 2323 822 2390 longa
832 2356 841 2380 ,
853 2323 1012 2388 dabuntque,

333 2392 477 2461 Tempora,
493 2395 627 2445 Romanum
642 2396 662 2445 si
678 2392 750 2443 modd
766 2411 854 2443 nomen
870 2408 971 2452 amant;

297 2462 344 2515 Per
359 2465 479 2526 Patriam,
497 2484 549 2533 quae
564 2479 590 2516 te
606 2478 656 2522 tuta
674 2468 700 2517 δι
715 2465 797 2515 secura
812 2464 914 2514 Parente
933 2466 990 2525 esi;

334 2536 429 2601 Cujus,
447 2551 474 2588 ut
489 2539 514 2587 in
531 2540 643 2605 populo,·
658 2554 713 2605 pars
728 2554 776 2604 ego
792 2553 868 2603 nuper
883 2555 948 2587 eram
961 2557 969 2596 ;

173 2657 175 2660 .
296 2606 337 2657 Sic
350 2611 414 2671 tibi,
430 2605 501 2678 quem
516 2612 610 2677 semper
624 2610 690 2661 fanis
707 2611 833 2675 animoque
849 2602 985 2707 meter*

237 2676 286 2731 160
334 2682 460 2735 Reddatur
477 2697 551 2751 gratae
567 2685 662 2735 debitus
677 2684 750 2735 Urbis
766 2700 841 2733 amor.

295 2753 362 2806 Livia
377 2756 412 2807 sic
427 2768 509 2807 tecum
525 2757 624 2808 sociales
642 2758 763 2822 compleat
781 2773 878 2815 annos,

332 2827 417 2892 Quae,
435 2831 481 2880 nisi
495 2843 539 2888 te,
557 2832 626 2879 nullo
640 2828 745 2897 conjuge
758 2830 827 2897 digna
843 2831 898 2879 suit.

240 2896 245 2903 ⁹
296 2898 359 2965 Quae
375 2904 395 2953 si
410 2921 459 2955 non
473 2903 550 2963 esset,
569 2904 657 2954 caelebs
671 2915 698 2952 te
712 2905 762 2954 vita
777 2905 897 2961 deceret3

332 2976 473 3045 Nullaque,
493 2978 531 3026 cui
546 2976 624 3044 poffes
641 2975 687 3027 esse
704 2978 821 3035 maritus,
838 2990 898 3027 erat.

240 3048 268 3096 16
274 3064 285 3109 5
299 3048 394 3113 Sospite
407 3050 441 3101 sic
456 3064 482 3101 te
498 3051 529 3100 sit
543 3064 613 3101 natus
628 3066 723 3117 quoque
739 3051 836 3117 sospes,
857 3047 953 3099 &olim

334 3122 462 3188 Imperium
479 3137 548 3194 regat
562 3125 610 3175 hoc
627 3141 680 3176 cum
695 3125 787 3177 seniore
805 3124 899 3179 scnexs
