2367 3942
95 415 96 496 i
300 436 374 487 122
411 411 932 489 P.OV1D11NAsonrs

296 535 380 601 Longa
395 532 488 584 referre
505 548 572 583 mora
587 531 623 583 est
639 534 727 583 collata
740 533 829 583 oblivia
845 536 948 589 damnis.

331 608 375 659 Me
393 622 490 672 quoque
506 604 609 658 Romani
625 605 764 670 praeteriere
781 605 874 659 Patres.

243 689 260 701 “
296 679 364 745 Quid
373 676 501 729 facerem?
519 694 564 745 per
579 678 738 751 quodv'fierem
749 680 870 733 manifesta
886 683 1005 737 doloris?

331 752 461 819 Exigerem
473 751 558 801 nostrae
573 752 651 817 qualia
668 752 752 801 damna
766 754 856 805 notae?

234 844 285 895 315
298 827 395 876 Excidit
409 823 515 875 officium
531 824 589 875 tristi
605 824 660 873 mibi
674 827 756 876 :nulla
770 827 858 879 tuebar

331 900 397 949 Rura
409 931 417 958 ,
429 915 475 948 nee
490 899 517 947 in
533 897 614 964 pretio
630 898 715 950 fertilis
730 900 815 949 hortus
832 914 895 953 erat.

294 974 356 1023 Lssia
371 971 532 1022 deciderant:
545 971 622 1021 violas
637 988 704 1022 arere
721 972 817 1023 videres
829 992 843 1033 ,¹

332 1046 429 1113 Pilaque
446 1044 543 1111 punicei
557 1044 667 1111 languida
684 1043 742 1095 iada
759 1048 836 1098 croci.

294 1121 364 1184 Saepe
379 1118 436 1167 mibi
450 1117 597 1184 Zephyrus,
615 1116 696 1166 Dotes
711 1133 866 1184 corrumpere
879 1120 931 1173 noli
997 1164 999 1169 .

233 1208 285 1260 320
333 1191 385 1257 ipsa
401 1204 471 1249 tuas,
493 1190 575 1248 dirit3
595 1190 639 1241 dos
654 1188 713 1241 mihi
727 1192 781 1242 vilis
798 1205 858 1243 erat.

295 1266 424 1316 Florebant
440 1264 501 1313 oleae
514 1263 602 1313 eventi
616 1278 723 1313 nocuere
740 1266 859 1329 protervi.

257 1380 259 1383 ,
332 1339 463 1388 Florebant
477 1336 571 1402 segetes
587 1351 595 1385 t
611 1336 727 1403 grandine
741 1337 795 1386 laesa
805 1338 892 1389 Ceres.

294 1410 324 1462 ln
338 1409 379 1477 spe
395 1410 450 1458 vitis
466 1421 537 1458 eret:
551 1410 640 1459 coelum
655 1408 767 1475 nigrescit
780 1413 809 1461 ab
825 1412 936 1474 Austris,

331 1485 363 1533 Et
381 1482 456 1531 subita
472 1482 570 1534 frondes
586 1482 742 1543 decutiuntur
758 1483 828 1548 aqui.

234 1576 283 1626 325
297 1560 352 1609 Nec
369 1556 437 1607 volui
452 1553 504 1605 fieri
518 1550 535 1613 ,⁸
546 1570 591 1605 nec
611 1555 661 1605 sum
679 1556 783 1609 crudelis
797 1556 821 1607 in
837 1557 893 1616 ἓως

332 1630 397 1680 Cura
413 1628 546 1692 repellendi
564 1628 604 1678 sed
622 1628 679 1678 mihi
694 1630 759 1681 nulia
775 1629 830 1679 fuir.

295 1703 441 1753 Convenere
456 1700 538 1750 Patres
552 1716 560 1751 z
576 1702 621 1758 δι,
639 1701 735 1750 sibene
752 1702 838 1752 floreat
853 1720 949 1764 annus,
1011 1750 1015 1757 .

330 1773 471 1824 Numinibus
487 1773 571 1821 nostris
586 1790 663 1822 annua
680 1774 738 1825 festa
754 1786 855 1825 vovent.

295 1847 426 1904 Annuimus
443 1856 513 1895 voto.
527 1845 619 1895 Consul
633 1863 687 1896 cum
698 1846 802 1898 Consule
819 1847 901 1913 ludos*

233 1938 285 1989 330
333 1918 553 1990 PostumiosLaenas
570 1919 709 1985 persoluere
726 1920 791 1971 mibi.

209 2035 212 2043 .
295 1993 413 2056 Quaerere
431 1994 553 2050 conabar,
574 2009 648 2059 quare
666 1992 761 2044 lascivia
776 1992 858 2059 major

275 2067 278 2074 '
332 2066 376 2116 His
391 2066 457 2116 foret
470 2066 495 2114 in
508 2067 589 2126 ludis,
605 2066 752 2131 liberiorque
768 2066 856 2134 Joc'us,:

296 2141 345 2191 Sed
361 2139 418 2190 mihi
430 2140 570 2199 ·succurrit,
586 2153 676 2193 numen
691 2156 740 2192 non
757 2140 804 2191 eise
820 2140 947 2201 severrime
1013 2164 1026 2177 ··

279 2260 282 2267 ,
333 2214 445 2279 Aptaque
461 2213 553 2262 deliciis
571 2227 670 2261 munera
687 2212 753 2261 ierre'
768 2214 857 2263 Deam.

236 2302 286 2353 335
299 2286 422 2351 Tempora
438 2284 543 2335 sutilibus
552 2283 690 2349 ‘cinguntur
705 2296 758 2334 tota
772 2286 887 2341 coronis,

334 2358 365 2407 Et
380 2360 439 2407 latet
454 2356 541 2422 injeiid
558 2356 679 2419 splendida
693 2358 772 2407 ntensa
786 2356 852 2407 rosi.

298 2429 384 2482 Ebrius
397 2428 506 2481 inciniiis
520 2428 614 2495 pbilyrit
630 2430 734 2479 conviva
750 2430 840 2495 capiilis

335 2504 429 2559 saltat,
448 2501 625 2566 &imprudens
641 2502 785 2553 utitur·arte
801 2499 870 2552 meri.

298 2576 383 2626 Ebrius
397 2574 428 2623 ad
446 2573 530 2623 durum
544 2574 654 2626 formosae
670 2576 742 2626 limen
755 2574 836 2625 amicae

237 2665 290 2716 340
337 2648 425 2706 Cantat,
437 2662 445 2697 ε
458 2647 548 2697 babent
563 2646 639 2698 undae
654 2649 735 2697 mollia
753 2646 814 2697 serta
829 2662 916 2697 comat.

295 2722 372 2772 Nulla
388 2719 504 2773 coronati
518 2733 667 2787 peraguntur
681 2721 741 2790 seria
757 2720 857 2771 fronte:
891 2766 894 2771 r
952 2766 954 2775 ,

335 2795 390 2845 Nec
407 2794 501 2860 liquida.
517 2793 601 2843 vineis
616 2793 677 2843 flore
693 2794 806 2845 bibuntur
821 2810 900 2859 aquae»
945 2824 949 2835 ·

299 2867 390 2917 Donec
405 2884 458 2919 eras
473 2866 664 2923 numantinis,
684 2864 812 2926 Acheloi,
831 2865 952 2925 racemis,

337 2940 423 2991 Gratia
438 2938 555 2990 sumendae
561 2956 619 2989 *non
634 2950 687 2987 erat
702 2940 751 2991 ulla
766 2942 853 2991 rose-¹

240 3026 289 3078 345
302 3014 410 3065 Bacchus
426 3025 489 3063 amat
504 3013 595 3063 flores:
608 3012 704 3063 Baccho
719 3013 830 3079 placuiiie
847 3028 963 3063 coronam

295 3147 298 3151 ι
335 3086 373 3137 Ex
388 3084 516 3139 Ariadneo
532 3086 611 3158 sidere
628 3086 789 3159 noiiepotes.
878 3122 883 3129 -
952 3093 954 3099 '
1008 3088 1013 3093 '

973 578 982 611 i
