2367 3942
312 518 626 587 FAsronu-rr
652 515 765 587 [ιιι.
793 518 824 590 Ι.
879 540 926 612 19
975 512 1008 599 ss

219 632 336 703 Sanguine
352 636 452 685 letifero
466 648 533 697 totus
550 637 687 706 rnispebitur
702 638 789 698 orbis,

254 708 286 757 Ni
303 709 502 775 teneant-rigidae
519 710 615 773 tundite
627 712 696 772 'bellu
714 710 782 761 sere.
834 742 839 750 .

218 777 341 856 Praesideq
356 772 446 845 foribus
463 783 518 831 coeii
533 800 587 833 cum
599 784 695 846 mitibus
706 784 804 842 Horis;
873 841 878 847 q
940 800 990 849 125

254 853 277 903 it
289 887 297 913 ,
316 853 378 902 redit
389 853 469 911 officio
481 855 594 922 Iuppiter
606 856 655 919 ipse
670 873 736 906 meo.

216 924 279 991 Inde
293 942 370 975 vocor
385 926 457 977 ianus
470 944 476 977 :
490 930 530 978 cui
546 927 600 991 crim
615 928 718 984 Cereale
734 930 845 981 sacerdos

255 998 362 1063 lrnpouit
379 1000 471 1062 iibum,
487 1002 608 1067 mixtaque
624 1002 687 1051 farra
700 1003 761 1061 sali,

216 1070 323 1121 Nomina
333 1072 419 1123 ridebis
433 1091 440 1123 :
453 1072 526 1124 modd
536 1092 637 1141 namque
649 1074 770 1125 Patulcius
782 1076 865 1136 idern,

254 1144 286 1193 Et
302 1145 372 1209 modo
384 1146 491 1211 sacrifico
506 1147 608 1197 Clusius
621 1165 666 1197 oro
679 1165 766 1200 vocor.
939 1162 992 1213 130

215 1215 315 1267 Scilicet
328 1220 423 1289 plterno
436 1221 517 1287 uoluit,
528 1220 592 1269 rudis
605 1219 646 1269 illa
659 1222 765 1273 vetustas

252 1290 356 1339 Nomine
373 1292 477 1341 diversas
492 1290 627 1359 significare
641 1294 718 1345 vices.

214 1362 260 1416 Vis
277 1381 329 1413 mea
339 1377 436 1415 narrata
447 1364 485 1426 rest
497 1381 505 1414 t
519 1365 612 1415 causam
627 1384 690 1416 nunc
706 1366 770 1415 disce
786 1365 881 1433 figura.

250 1434 265 1487 J
267 1454 304 1485 um
316 1450 396 1497 tamen
408 1439 468 1485 hauc
479 1438 557 1503 aliqui
571 1450 598 1487 tu
607 1455 705 1503 quoque
716 1452 785 1503 parte
801 1440 883 1489 sideri
939 1452 991 1503 134

214 1506 303 1558 Omnis
313 1510 387 1558 babet
396 1511 502 1575 geminas
513 1544 521 1567 ,
531 1511 589 1559 hinc
596 1523 669 1575 arque
678 1512 734 1560 binc
743 1543 752 1569 ,
761 1510 831 1573 janua
840 1512 934 1561 frontes
944 1529 953 1569 ς

250 1582 272 1629 Ε
286 1583 372 1647 quibus
385 1583 437 1631 haec
449 1584 565 1645 populum
577 1582 685 1643 spetiat,
702 1596 727 1631 at
742 1584 782 1629 iiia
793 1582 888 1631 Larem.

211 1654 300 1717 thue
313 1686 320 1708 ‚
341 1654 428 1703 sedens
441 1652 519 1701 vester
531 1654 599 1717 primi
613 1670 710 1719 quoque
723 1654 805 1705 iimina
818 1656 874 1706 teeti
887 1688 895 1715 ‚

149 1728 151 1733 '
250 1724 350 1791 anitor
367 1724 471 1792 egressus
488 1724 651 1790 introitusque
666 1726 755 1785 videt;

211 1798 253 1849 stc
271 1816 321 1866 ego
335 1798 476 1865 prospicio,
496 1798 597 1860 coelestis
609 1798 701 1863 janitor
714 1801 796 1861 urdae,

247 1872 313 1922 Edns
329 1884 409 1938 partes
421 1872 604 1937 ¹Hesperiasque
620 1872 700 1930 simul.
935 1889 987 1937 140

208 1944 262 1996 Ora
278 1946 348 1995 vides
362 1943 468 2006 Hecates
481 1946 506 1993 in
521 1956 570 2007 tres
584 1946 709 2011 vergentia
720 1957 823 2009 partes,

246 2018 338 2068 Servet
353 2031 379 2067 ut
391 2018 415 2067 in
428 2030 508 2067 ternas
526 2018 632 2082 compita
643 2018 703 2066 sedin
716 2019 776 2067 vias.

208 2088 240 2141 Et
254 2090 317 2139 mihi
329 2122 336 2147 ,
354 2107 384 2139 ne
396 2090 461 2139 flexu
472 2090 572 2137 cervicis
588 2103 698 2155 tempora
708 2092 828 2155 perdam,

246 2162 360 2213 Cernere
373 2196 381 2219 ,
398 2179 448 2211 non
458 2174 526 2210 moto
537 2178 659 2225 corpore,
675 2164 731 2211 bina
744 2164 810 2213 iicet.

209 2234 317 2287 Dixerat
330 2251 337 2283 ε
351 2235 376 2285 &
386 2235 456 2283 vultu
468 2267 475 2293 ,
494 2234 515 2284 si
524 2234 592 2300 plura
604 2234 729 2301 requirere
741 2238 848 2299 vellem,
934 2253 982 2303 145

244 2310 276 2359 Se
293 2308 352 2358 mihi
363 2306 486 2358 difficilem
493 2324 543 2356 non
554 2306 606 2362 fore
617 2341 627 2365 ,
642 2308 711 2363 faffus
721 2321 783 2360 erat.

209 2380 286 2434 Sumsi
298 2382 401 2432 animum
413 2414 420 2439 ,
438 2393 568 2449 gratesque
578 2382 636 2431 Deo
646 2398 695 2431 non
705 2383 804 2434 territus
814 2384 854 2451 egi
866 2400 874 2435 t

244 2456 378 2523 Verbaque
389 2455 458 2513 sum‘,
478 2454 605 2521 (peditus,
619 2471 696 2519 pauca
709 2457 824 2514 locutus,
840 2458 947 2507 humum.
988 2467 995 2482 ²

209 2527 256 2577 Dic
268 2561 277 2586 ,
295 2544 342 2595 age
353 2562 361 2586 ‚
378 2527 508 2597 frigoribus
522 2544 594 2593 quare
606 2544 683 2586 novus
698 2528 783 2594 incipit
793 2528 891 2581 annus?

244 2600 294 2664 Qui
311 2602 396 2657 melius
408 2618 452 2668 per
463 2618 507 2651 ver
520 2600 669 2667 incipiendus
685 2600 760 2651 erati
932 2616 982 2664 150

209 2672 299 2725 Omnia
314 2687 373 2723 tunc
384 2674 473 2725 florent
485 2690 492 2724 τ
504 2686 562 2723 tunc
575 2672 608 2723 est
619 2691 682 2723 nova
692 2675 808 2741 temporis
818 2686 897 2734 retas:

245 2746 274 2797 Et
285 2764 350 2797 nova
362 2746 392 2795 de
405 2746 503 2814 gravido
518 2742 613 2812 primite
625 2764 718 2813 gemma
729 2760 817 2800 tumet.

208 2818 239 2869 Et
249 2818 326 2875 modd
335 2821 443 2871 formatis
454 2820 564 2870 amicitur·
574 2820 663 2869 vitibus
674 2821 745 2870 arbos
756 2854 766 2880 ,

245 2891 329 2943 Prodit
341 2893 402 2949 &in
413 2894 525 2945 summum
537 2892 629 2945 sentinis
642 2894 716 2945 herba
727 2894 802 2945 solum
814 2908 823 2942 r

207 2962 359 3029 thtepidum
370 2967 482 3017 volucres
495 2968 653 3017 concentibus
668 2968 722 3016 a'e'ra
734 2968 861 3023 mulcent,
928 2976 977 3025 155

242 3036 317 3089 Ludit
329 3039 356 3097 dt,
363 3040 388 3089 in
401 3040 493 3106 pratis,
510 3041 663 3104 luxuriatque
676 3072 683 3096 ‚
702 3054 786 3101 pecus.

209 3109 270 3159 Turn
281 3111 362 3162 blandi
377 3112 457 3171 soles-3
475 3114 606 3179 ignotaque
618 3111 699 3177 prodit
709 3110 813 3161 hirundo
823 3119 835 3169 ,’

243 3182 274 3232 Et
288 3185 381 3234 luteum
393 3186 457 3237 celsi
471 3187 513 3236 sub
523 3187 591 3237 trabe
603 3183 673 3250 fingit
687 3199 760 3247 opus.
