2367 3942
200 420 347 489 Error.
373 428 433 483 rx
459 416 606 479 Pouro
630 408 669 477 1„
694 407 765 473 IV.
793 424 864 499 341

153 540 194 591 Da
203 537 283 595 nitu,
297 536 316 587 si
328 532 385 601 quid
395 548 425 582 ea
436 530 488 587 est,
501 530 658 581 hebetantem
668 526 767 593 pettam
776 526 872 578 Lethen
883 542 892 585 3

192 611 294 663 Oblitus
310 620 400 675 potero
416 621 465 654 nou
479 616 561 653 tamen
574 601 623 652 elle
638 602 685 651 tui.

155 686 233 752 ldque
252 684 334 739 tinas,
354 694 420 735 oro;
437 692 483 727 nec
500 676 601 725 fastidita
617 675 722 741 repellas

192 758 279 809 Verba
291 770 299 803 t
310 768 358 803 nec
373 750 454 801 officio
472 750 563 799 crimen
579 747 652 797 melle
667 759 749 813 putes.
877 758 913 795 20
972 767 975 770 *

157 832 188 881 Et
204 830 267 880 levis
284 828 338 877 haec
352 824 444 875 meritis
460 822 581 873 referatur
596 820 672 887 gratia
687 820 772 871 tantis.

190 904 236 953 Sin
252 901 350 958 minus,
368 896 445 947 invito
459 907 485 945 te
503 908 618 960 quoque,
633 904 714 959 gratus
729 908 783 941 ero.

156 978 295 1043 Numquam
311 972 380 1039 pigra
395 970 441 1019 fuit
457 967 544 1019 moliris
557 971 603 1016 tua‘
616 966 691 1033 gratia
707 965 800 1024 rebus,

192 1050 249 1099 Nec
264 1046 323 1097 mihi
338 1042 460 1093 munificas
475 1056 530 1091 arca
547 1038 645 1107 negavit
659 1055 727 1105 opes,

156 1126 230 1174 Nunc
241 1134 362 1186 quoquo,
377 1117 411 1166 nil
426 1114 509 1165 subitis
523 1113 652 1164 clementia
664 1112 749 1162 territa
765 1109 823 1162 fatis
878 1127 894 1159 2
899 1123 911 1173 5

194 1194 319 1246 Auxilium
334 1190 522 1255 vitalemque,
539 1187 652 1250 feretque
669 1200 741 1235 meae.

157 1268 250 1327 Unde,
271 1264 344 1334 roges
357 1262 454 1319 forsan,
471 1259 560 1311 fiducia
574 1271 640 1309 tanta
656 1257 732 1307 futuri

195 1342 232 1391 Sit
251 1341 308 1389 milri
319 1356 326 1389 ε
339 1335 404 1404 quod
418 1334 479 1385 fecit
493 1333 593 1401 quisque
607 1343 691 1381 tuetur
706 1346 778 1394 opus·

159 1414 195 1463 Ut
210 1414 298 1463 Venus
311 1409 408 1462 artificis
425 1409 493 1457 labor
509 1405 543 1456 est
558 1406 585 1456 δι
600 1404 676 1471 gloria
692 1401 762 1460 Coi,

196 1484 324 1552 AEquoreo
340 1482 445 1533 madidas
461 1496 513 1547 quae
530 1478 619 1545 premit
635 1476 712 1524 imbre
729 1489 831 1526 comant
880 1486 916 1538 30

160 1560 231 1610 urcis
247 1570 277 1608 ut
291 1558 379 1608 Auaeae
394 1555 435 1605 vel
451 1554 541 1603 eburna
557 1550 600 1599 rel
613 1549 705 1598 ahenea
720 1546 816 1605 custos,

197 1632 289 1681 Bellica
304 1628 417 1682 Phidiaca
434 1626 477 1676 stat
494 1626 549 1675 Dea
562 1622 624 1673 satta
640 1636 731 1679 menu3

162 1706 284 1758 Vindicat
299 1716 326 1755 ut
341 1704 446 1754 Calamis
463 1698 557 1749 laudem
569 1710 654 1761 ,xquos
670 1693 745 1752 iecit,
765 1708 881 1759 equorum
895 1710 906 1749 ς

198 1778 235 1828 Ut
249 1778 332 1827 similis
346 1792 412 1829 vere
425 1788 501 1823 vacca
516 1768 629 1837 Myronis
644 1782 725 1833 opust

163 1850 203 1901 Sic
218 1866 267 1917 ego
283 1867 336 1916 pars
352 1864 431 1901 rerum
448 1862 497 1896 non
513 1844 617 1900 ultima,
634 1841 728 1899 Sexte,
745 1844 860 1898 tuarum
881 1850 913 1903 35

199 1924 344 1991 Tutelaeque
358 1925 425 1974 feror
441 1934 526 1967 munus
542 1931 652 1981 opusque
665 1926 724 1964 tuae.

223 2022 870 2109 «ΞΕ-ἰδῬ--α-ε--ν

327 2141 666 2211 EPISTOLA
714 2140 775 2202 11.

410 2247 682 2333 sarano

167 2363 304 2523 Quom
318 2426 398 2497 legis,
414 2444 430 2479 o
443 2428 450 2479 l
463 2430 540 2482 Vates
553 2442 695 2495 magnorum
709 2421 811 2473 maxime
821 2419 915 2486 Regum
929 2449 937 2475 ,

237 2504 315 2556 Venit
330 2504 360 2552 ab
374 2498 476 2555 intonsis
492 2518 587 2568 usque,
604 2500 715 2555 Severe,
731 2495 814 2547 Getis.

166 2576 244 2642 Cujus
260 2577 338 2626 adhuc
354 2592 443 2629 nomen
461 2574 554 2625 nostros
569 2572 668 2623 tacuiffe
683 2571 801 2626 libellos,
874 2575 896 2596 “

203 2648 229 2697 Si
244 2646 315 2699 modo
331 2649 451 2716 permittis
467 2648 548 2697 dicere
565 2662 642 2705 vera,
660 2643 746 2708 pudet.

166 2722 237 2777 Orba
252 2726 332 2771 tamen
348 2721 453 2773 numeria
471 2718 568 2769 ceffavit
583 2717 684 2785 epistola
700 2728 829 2781 numquam
884 2722 899 2772 5

204 2795 243 2848 lre
260 2810 305 2859 per
319 2796 422 2847 alternas
441 2792 546 2845 officiosa
561 2792 639 2842 vices.

167 2866 279 2923 earmina
296 2867 345 2917 sola
362 2870 407 2919 tibi
423 2882 555 2919 memorem
571 2862 681 2916 testantia
698 2876 779 2910 utram

203 2942 261 2990 Non
270 2941 324 2990 data
335 2941 404 2993 suut:
418 2941 474 3007 quid
486 2940 566 2994 enim,
579 2954 634 3003 quae
645 2933 704 2985 facis
714 2932 764 2997 ipse
775 2963 784 2990 ‚
797 2923 900 2978 darem?

168 3014 229 3080 Quis
244 3014 292 3063 mel
305 3013 426 3069 Aristaeo,
441 3013 495 3079 quit
510 3011 609 3061 Baccho
625 3009 681 3059 vina
696 3006 820 3061 Falerno,

202 3086 356 3154 Triptolemo
372 3086 473 3155 fruges,
491 3100 563 3153 poma
579 3084 622 3135 det
637 3079 742 3133 Alcinoo
754 3076 790 3200 ³1>
890 3086 922 3121 ro

804 3162 830 3213 ιι]
