2367 3942
234 453 311 528 250
361 431 405 504 P.
432 428 625 501 Orrnrr
651 428 883 502 Natant.-

235 555 267 605 Et
282 564 373 618 potes,
389 549 506 614 aspiciens
521 549 612 600 circum
629 559 671 598 tua
685 547 753 598 saera
770 551 884 615 poetas,

273 624 364 674 Nescio
378 624 431 690 quis
447 623 537 681 nostri,
553 623 653 680 dicere,
669 621 750 672 cultor
767 623 846 673 abest.

192 715 206 768 3
213 717 224 765 5
238 699 284 750 Fer
296 734 304 756 ,
322 700 386 747 bone
398 697 488 755 Liber,
500 711 589 761 opem:
602 695 638 745 sic
647 697 721 745 altam
731 696 856 763 degravet
867 699 898 748 uh

271 772 357 829 Vitis,
374 771 401 821 δι
418 770 509 819 incluso
525 771 597 833 plena
612 768 643 817 sit
659 785 708 818 uva
723 785 805 819 mero.

235 847 274 896 sic
292 845 334 893 tibi
349 861 403 894 cum
420 842 520 892 Bacchis
536 842 678 908 Satyrorum
693 858 774 908 gnava
788 842 907 909 juventus

273 918 363 975 Adsit,
383 916 527 967 &attonito
541 931 591 964 non
605 928 704 964 taceare
722 915 796 969 sono.

236 989 295 1043 olla
312 989 458 1055 bipenniferi
473 990 508 1039 sic
524 988 571 1040 sint
586 987 649 1038 rnald
665 986 741 1053 pressa
756 989 891 1058 Lycurgi:

193 1082 229 1129 40
277 1065 352 1130 Impia
367 1079 413 1112 nec
430 1062 503 1127 poeni
518 1060 641 1112 Pentheos
657 1065 741 1111 umbra
756 1076 844 1114 vacet.

237 1136 278 1187 Sic
292 1138 366 1186 micet
381 1134 517 1192 aeterntirn,
532 1135 660 1201 vicinaque
677 1135 757 1186 sidera
774 1136 883 1197 vincat,

273 1208 391 1277 conjugis
405 1209 430 1258 in
446 1209 511 1258 coelo
526 1207 608 1258 Cressa
625 1208 724 1258 Corona
740 1221 805 1261 tuae.

235 1283 291 1332 Huc
302 1283 360 1332 ades
371 1316 379 1342 ,
395 1283 421 1334 δι
434 1280 501 1331 casus
511 1283 609 1332 releves
620 1313 629 1339 ,
642 1281 807 1347 pulcherrime
819 1315 829 1343 ‚
840 1283 934 1336 nostros

273 1356 354 1405 Unum
370 1356 400 1407 de
416 1371 518 1405 numero
534 1370 573 1404 nte
589 1370 683 1404 mernor
697 1353 745 1404 effe
760 1366 819 1407 tuo.

190 1446 226 1494 45
239 1427 300 1479 Sunt
313 1428 360 1479 Dis
372 1429 435 1478 inter
450 1428 474 1478 se
491 1426 636 1478 commercia
653 1443 661 1479 s
676 1426 775 1478 lletlere
790 1441 862 1481 tenta

274 1501 410 1551 Caesareum
426 1517 514 1552 numen
530 1500 647 1558 numine,
661 1501 779 1560 Bacche,
795 1514 852 1554 tuo.

234 1574 291 1628 Vos
307 1591 425 1641 quoque,
443 1575 568 1626 consortes
583 1574 671 1632 studii,
687 1573 726 1638 pia
742 1576 837 1635 turha,
852 1579 949 1643 poetae,

272 1647 333 1699 llaec
347 1642 432 1719 ἥκω
449 1649 526 1720 sumto
543 1647 644 1713 quisque
658 1658 745 1714 rogate
761 1664 843 1699 suero.

234 1720 317 1786 Atque
331 1721 416 1785 aliquis
431 1720 551 1779 vellrsrm,
569 1720 672 1770 Nasonis
689 1720 788 1770 nornine
807 1722 872 1774 dislo
887 1757 897 1779 ,

192 1809 226 1861 50
273 1793 391 1857 Deponat
407 1793 519 1860 lacrymis
536 1796 625 1858 pocula
642 1793 715 1842 mixta
733 1793 800 1845 suis:

233 1865 426 1929 Admonitusque
441 1865 508 1923 mei,
526 1864 581 1915 crini
594 1867 790 1931 circumspexerit
806 1884 911 1927 omnes,

270 1938 363 1996 Dicat,
379 1937 429 1987 Ubi
441 1937 475 1987 est
489 1937 562 1988 nostri
577 1955 631 2003 pars
648 1936 723 1988 modis
737 1939 804 1989 Naso
823 1941 915 1992 chori?

233 2011 311 2078 quue
325 2012 359 2062 ita
371 2043 380 2068 ‚
398 2013 419 2062 si
435 2010 538 2062 vestrum
555 2014 632 2062 merui
649 2012 755 2062 candore
769 2013 904 2074 savorem

270 2085 392 2150 Nullaque
408 2084 499 2150 judicio
515 2086 586 2136 litera
601 2085 654 2134 laesa
670 2100 728 2135 meo
744 2085 789 2135 esi.

191 2172 204 2223 5
210 2173 223 2222 5
236 2157 280 2216 Si,
295 2169 407 2210 veterum
417 2158 490 2227 digne
499 2175 605 2209 veneror
617 2156 670 2207 crim
682 2158 769 2223 scripta
780 2158 889 2211 uirorum
904 2194 914 2221 ,

269 2230 379 2281 Proxima
395 2247 445 2283 non
461 2233 508 2282 illis
526 2231 678 2281 effex'minora
694 2247 762 2282 reor.

233 2302 365 2371 sicigitur
382 2303 468 2355 dextro
485 2305 578 2354 faciatis
595 2305 709 2369 Apolline
727 2320 846 2356 carmen:

269 2374 346 2438 Quod
361 2376 440 2437 licet,
458 2379 522 2428 inter
537 2396 583 2429 vos
600 2394 688 2428 nomen
704 2378 794 2426 habete
809 2395 905 2432 meum.

226 2464 879 2537 ⁴==‘=--==an”⁰k==---..-›

368 2582 625 2648 ELEGIA
669 2584 761 2647 lv.

212 2776 222 2791 .
230 2675 286 2789 L
296 2755 306 2789 r
315 2751 361 2792 το
369 2753 412 2793 n
425 2743 454 2793 ab
465 2742 559 2793 Euxino
571 2743 673 2794 Nasonis
684 2742 788 2809 Epiliola
799 2740 860 2795 veni
870 2753 885 2804 2'

275 2810 388 2882 Lassaque
405 2817 465 2869 sassa
481 2817 557 2874 mari,
575 2819 676 2884 lassaque
693 2817 753 2867 sassa
770 2816 821 2867 viss.

229 2880 282 2946 Qui
291 2889 349 2938 mihi
359 2890 420 2942 flens
432 2893 506 2949 dixit,
518 2890 573 2948 Tu,
583 2891 622 2941 cui
632 2893 706 2950 licet,
718 2889 799 2956 aspice
809 2889 932 2944 Romam·

265 2955 321 3007 Heu
334 2960 341 3010 s
354 2978 444 3028 quanto
456 2965 542 3016 melior
558 2965 608 3014 sors
625 2976 666 3014 tua
682 2964 747 3015 sorte
763 2962 838 3017 snei!

202 3035 216 3085 5
228 3024 303 3077 flens
313 3047 409 3102 quoque
418 3056 457 3089 nne
466 3037 557 3102 scripsit
567 3053 574 3086 :
585 3052 631 3088 nec
642 3036 819 3103 qusisignthat,
831 3037 862 3088 ed
872 3053 901 3091 os
910 3036 947 3093 est

262 3098 330 3154 Ante
341 3138 352 3162 r
366 3108 452 3166 sedad
460 3111 565 3165 madidus
575 3126 671 3179 gemma
679 3112 756 3165 celata
766 3125 859 3181 geues·
