2367 3942
200 502 202 507 .
298 457 377 535 304
413 439 455 507 P.
485 438 679 510 Ονιυιι
703 437 942 522 Nasonis

300 558 376 609 Grata
392 557 488 624 quidem
505 557 558 607 sunt
572 558 625 607 hiet
637 556 717 608 animo
733 558 841 627 suffragia
855 562 963 621 nostru
1009 540 1019 559 ’

334 632 383 679 Vix
398 631 444 681 sibi
459 631 512 681 ciun
527 630 626 679 miseros
639 630 705 695 poffe
719 634 817 697 placere
834 648 915 699 putes.

254 715 286 764 25
301 704 367 753 Dum
379 716 461 757 tamen
477 704 501 753 in
517 704 590 753 rebus
604 717 724 753 tentamus
738 707 842 757 carmina
858 708 962 773 parvis,

334 776 447 826 Materia
465 777 547 843 gracili
562 774 647 825 sufficit
663 778 794 843 ingenium.

296 850 400 915 Nuper,
417 862 445 901 ut
460 852 508 901 huc
524 849 604 917 magni
620 852 730 914 pervenit
746 852 818 901 Fama
832 852 970 919 triumphi,

230 964 231 969 ,
333 923 411 973 Ausus
427 924 475 973 sum
492 936 564 973 tantae
582 922 674 972 sumere
691 924 760 975 molis
777 942 848 990 opus.

297 995 388 1047 Obruit
401 997 529 1045 audentem
545 1013 625 1045 rerum
639 996 790 1062 gravitasque
808 998 945 1065 nitorque:

254 1082 288 1134 30
335 1071 389 1119 Nec
404 1070 474 1133 potui
490 1070 565 1133 coepti
582 1069 690 1134 pondera
704 1069 769 1119 ferre
784 1072 844 1121 mei.

296 1142 350 1193 Illic
365 1158 435 1209 quam
450 1142 552 1200 laudes,
570 1143 615 1189 erit
633 1139 738 1190 officiosa
755 1144 867 1193 uoluntas
876 1161 887 1202 3

335 1212 426 1264 Cetera
442 1214 541 1263 materiai
558 1214 681 1263 debilitata
696 1213 788 1279 jacent.

298 1286 408 1351 Quodsi
424 1286 488 1339 forte
505 1288 566 1337 libet
581 1287 670 1337 vestras
686 1288 797 1351 pervinit
812 1289 842 1339 ad
858 1306 952 1349 aures,

333 1361 446 1411 Tutelam
462 1361 548 1410 mando
566 1359 652 1411 fentiat
667 1360 710 1409 iiie
726 1375 802 1411 tuam.

252 1446 284 1499 35
298 1432 355 1483 Hoc
370 1434 413 1484 tibi
431 1434 521 1483 fafiuro
535 1466 543 1492 ,
559 1434 602 1484 vei
616 1433 638 1484 si
653 1449 705 1483 non
716 1434 768 1499 ipfe
782 1451 913 1502 rogarem,

332 1506 443 1557 Accedat
458 1508 565 1557 cumulus
580 1507 655 1573 gratia
670 1506 748 1555 nostra
761 1508 832 1557 levis.
966 1515 969 1520 '

295 1580 354 1629 Non
370 1597 418 1648 ego
432 1579 582 1636 laudandus,
598 1579 639 1629 fed
653 1578 707 1629 funt
721 1593 762 1630 tua
779 1580 876 1645 pefiora
893 1581 957 1632 lafie
970 1613 981 1641 ,

331 1652 362 1701 Et
378 1670 426 1703 non
444 1652 554 1712 calcari,
572 1652 727 1711 candidiora,
745 1654 810 1702 nive.
901 1696 907 1704 .

295 1724 440 1791 Martisque
455 1727 537 1783 alios,
555 1724 608 1775 cuim
622 1725 656 1775 sir
668 1725 782 1779 mirabilis
798 1726 868 1791 ipse,
896 1751 901 1757 ·

250 1810 285 1859 40
334 1798 387 1847 Nec
403 1799 577 1848 lateant'artee
593 1798 765 1863 eloquiumque
780 1810 858 1849 tuum.

286 1870 334 1918 ·Te
348 1868 463 1935 iuuenum
474 1869 587 1935 Princeps
599 1902 608 1927 ,
625 1869 668 1919 cui
680 1870 721 1921 dat
732 1870 864 1923 Germania
877 1890 989 1931 nomen,

331 1940 476 2010 Participem
491 1942 560 1993 fludii
577 1942 657 1995 Caefar
673 1943 766 1993 habere
779 1944 852 1997 folet.
935 1996 939 1999 .

294 2012 334 2064 Tu
349 2020 434 2067 comer
449 2018 580 2085 antiquus,
599 2028 626 2067 tu
641 2017 722 2083 primis
737 2015 831 2081 junuus
845 2019 874 2069 ab
891 2020 959 2071 annis
969 2052 981 2075 .

332 2090 432 2158 ingenio
447 2108 528 2141 mores
542 2090 723 2156 aequiparante,
740 2093 849 2155 placem·
883 2109 888 2118 ‘

249 2175 285 2228 45
298 2160 338 2213 Te
351 2164 448 2214 dicente
460 2163 526 2231 pricio
539 2196 547 2223 ,
562 2162 590 2213 fit
607 2164 718 2227 protinus
731 2163 834 2228 impetus
850 2164 886 2215 illi
895 2180 907 2217 ‚z
964 2214 967 2218 ,

331 2236 418 2303 Teque
433 2237 527 2295 habet,
544 2236 625 2286 elicias
642 2236 684 2302 qui
697 2235 736 2286 fua
749 2239 824 2287 verba
837 2238 896 2290 ruis.
933 2274 937 2281 ι

295 2308 357 2361 cnm
372 2323 399 2359 tu
415 2308 512 2367 decuti,
531 2310 689 2374 mortaliaque
704 2324 747 2359 ora
763 2310 896 2375 quierint,

333 2382 465 2449 Clausaque
480 2399 529 2433 non
544 2381 617 2448 longi
635 2384 777 2437 conticuere
791 2385 883 2441 moria

295 2456 378 2522 Surgit
394 2455 463 2505 liiiio
479 2454 574 2519 juvenis
590 2455 736 2521 cognomine
754 2455 840 2523 dignus
847 2488 859 2514 „

251 2540 283 2593 5o
333 2526 417 2592 Qualis
433 2529 463 2577 ab
478 2527 536 2577 Eois
551 2528 652 2577 Lucifer
666 2529 720 2580 exit
732 2530 809 2595 aquis.

293 2602 408 2667 Dumque
423 2600 497 2669 sidens
511 2600 587 2658 afiat,
604 2599 678 2651 fiatur
690 2600 725 2653 est
739 2604 867 2667 vultusque
884 2601 986 2663 diserti,

330 2674 450 2739 Spemque
466 2674 556 2737 decena
571 2674 648 2725 doffte
660 2675 729 2726 uocis
743 2674 847 2726 amittae
857 2676 942 2726 habet.

292 2746 355 2803 Mox
365 2780 373 2803 ,
386 2748 427 2795 ubi
436 2746 502 2812 pulsa
512 2747 641 2815 moraleii,
654 2761 725 2812 atque
734 2762 762 2797 oe
774 2746 871 2798 coeleste
883 2749 1004 2808 solutum,

329 2819 385 2870 Hoc
402 2820 509 2885 Superos
523 2818 590 2885 jures
606 2835 673 2886 more
690 2820 768 2870 solere
781 2820 858 2885 ioqui.

252 2906 265 2956 5
271 2906 283 2957 ς
297 2892 379 2961 Atque
392 2925 399 2951 .
413 2894 473 2943 Haec
484 2892 517 2942 eii
528 2926 536 2949 ,
549 2892 613 2941 dicas
625 2923 635 2948 ,
645 2891 757 2942 facundia
767 2891 877 2958 Principe
888 2891 977 2959 digna,
992 2946 996 2950 ,

328 2966 433 3032 Eloquio
450 2963 543 3016 tantiam
561 2964 693 3018 nobilitatis
709 2964 779 3021 inem·

234 3092 237 3097 ,
292 3038 356 3090 Huic
371 3052 399 3091 tu
416 3036 469 3087 edm
485 3040 602 3103 placeat,
620 3038 644 3087 ἃ
660 3039 753 3091 uertite
768 3039 847 3092 sidera
861 3052 967 3103 tangar,
992 3088 997 3097 ,

329 3110 423 3181 Scripta
437 3124 519 3166 tamen
534 3110 633 3181 profugi
647 3114 711 3165 vatis
725 3113 833 3169 inuida
850 3123 931 3181 putat·
959 3162 964 3169 .
