2367 3942
302 372 374 513 378
424 417 465 486 P.
488 418 681 491 Orrnrr
705 420 935 494 NAsonrs

300 536 445 604 Sollertique
457 538 531 598 viro,
548 540 636 590 lacere
651 556 722 608 quem
737 540 811 590 stadia
826 552 957 608 tenentem,

335 610 446 661 Membra
460 612 517 662 ratis
532 612 641 663 Semeles
657 613 690 663 eil
704 612 813 664 miserata
827 616 906 667 soror.

298 684 348 736 Vel
363 696 424 743 tua,
440 702 471 734 ne
484 702 562 751 pornae
577 702 652 753 genus
666 687 715 736 hoc
729 690 873 755 cognouerit
887 707 972 751 unus,

246 756 292 807 280
339 758 440 807 Viscera
457 758 556 809 diversis
572 758 641 809 scilia·
651 759 760 809 fetantur
776 761 854 825 equis.

298 830 349 883 vel
366 848 436 897 quae,
454 832 495 897 qui
510 832 595 881 redimi
608 832 718 882 Romano
732 844 804 897 turpe
819 835 935 899 putavit,

335 902 358 954 A
376 904 438 953 duce
455 902 562 955 Puniceo
579 906 698 972 pertulit,
719 905 769 971 ipse
785 905 859 956 fetas.

298 976 352 1027 Nec
368 978 413 1028 tibi
429 978 532 1027 subsidio
549 979 582 1029 sit
599 978 702 1043 presens
719 994 808 1027 numen
823 979 945 1040 zuruli,

335 1048 381 1099 eui
397 1050 456 1105 nihil
470 1050 560 1101 Hercei
574 1052 667 1117 profuit
680 1067 720 1101 aru
737 1050 817 1102 Joris.
996 1114 1001 1117 Ι

240 1124 286 1186 285
300 1124 385 1189 thue
399 1122 467 1176 dedit
482 1123 552 1174 saltus
569 1141 584 1173 e
601 1124 692 1175 lummo
705 1123 832 1173 Thessalus
849 1124 913 1177 0133
925 1142 935 1184 ς

332 1194 373 1247 Tu
390 1212 487 1263 quoque
504 1196 586 1247 saxoso
603 1197 756 1263 praecipitere
773 1195 842 1263 jugo.

297 1268 349 1318 Aut
362 1270 431 1319 velut
445 1268 563 1337 Euryali,
581 1270 622 1336 qui
639 1271 757 1335 sceptrum
774 1269 840 1335 cepit
855 1271 885 1319 ah
899 1270 943 1320 illo
955 1303 964 1329 ,
978 1276 983 1281 '
1004 1298 1007 1303 -

333 1342 386 1392 Sint
401 1354 466 1393 artus
481 1342 555 1392 avidis
571 1344 690 1410 anguibus
707 1342 760 1391 esca
774 1342 822 1392 tui.

297 1414 347 1463 Vel
363 1426 404 1465 tua
418 1427 523 1465 maturet
537 1448 544 1473 ,
561 1415 625 1482 sicut
640 1414 737 1465 Minoia
750 1414 820 1471 fata,

237 1498 286 1549 290
333 1485 381 1539 Per
395 1499 466 1553 caput
479 1487 561 1539 infuse
577 1488 684 1537 fervidus
698 1488 786 1537 humor
801 1503 890 1551 aquea

296 1560 379 1627 thue
390 1576 473 1626 parum
484 1561 535 1611 miti
547 1595 554 1620 ,
571 1560 672 1611 sednon
682 1561 780 1626 impune
792 1592 800 1618 ,
819 1559 984 1611 Prometheus
1000 1594 1010 1621 ,

331 1634 417 1684 lle‘rias
434 1635 547 1683 volucres
564 1634 678 1701 sanguine
692 1631 754 1682 fixus
770 1634 830 1682 alas.

295 1702 333 1754 Ac
344 1740 351 1763 ,
368 1707 436 1756 velut
447 1706 572 1756 Etracides
583 1723 670 1773 magno
680 1718 719 1756 ter
729 1707 759 1754 ah
769 1705 877 1773 Hercule
888 1705 989 1772 quintus
1000 1739 1011 1767 ,

332 1776 412 1827 Caesus
429 1778 453 1827 in
469 1778 608 1827 immensum
624 1777 753 1844 projiciare
769 1778 869 1828 fretum.

234 1861 283 1911 295
297 1848 347 1898 Aut
357 1882 364 1906 ,
375 1860 406 1898 'ut
419 1846 602 1916 Amyntiaden,
618 1850 683 1914 turpi
698 1850 799 1899 dilestus
813 1866 898 1901 amore

333 1922 441 1980 Oderit,
461 1922 486 1972 δι
501 1920 565 1971 saevo
581 1923 693 1972 vulneret
710 1920 766 1971 ense
781 1938 853 1989 puer.

295 1994 350 2044 Nec
365 1995 408 2046 tibi
425 1994 472 2045 fida
488 1996 562 2064 magis
577 1996 671 2046 misceri
688 1997 777 2061 pocula
792 1995 908 2061 possint,

332 2067 412 2131 Qudm
428 2068 470 2135 qni
489 2069 618 2135 cornigero
635 2068 666 2118 de
683 2067 746 2119 Jove
760 2080 832 2117 natus
850 2080 916 2119 erat.

294 2139 368 2191 More
386 2143 426 2191 vel
439 2142 544 2191 intereas
562 2142 626 2207 capti
642 2140 764 2206 suspensus
779 2139 883 2199 Achaei,

234 2224 286 2274 3oo
335 2213 384 2276 Qui
400 2214 471 2263 miser
486 2213 590 2263 auriferi
605 2212 665 2263 teste
682 2212 797 2278 pependit
812 2212 885 2279 aqud.

294 2285 345 2335 Aut
361 2299 387 2336 ut
402 2286 527 2336 Achillidae
543 2298 649 2353 cognato
664 2287 761 2335 nomine
778 2286 869 2335 clarum
913 2279 920 2291 '

333 2356 461 2425 Opprimat
473 2359 551 2409 hostili
565 2361 647 2426 tegula
663 2358 724 2424 jada
739 2375 819 2408 manu.

217 2444 221 2449 ’
295 2430 350 2480 Nec
366 2444 407 2480 tua
424 2435 493 2498 quim
507 2430 614 2498 Pyrrhi,
632 2430 726 2481 lelicids
742 2430 790 2480 offa
805 2429 953 2496 quiescant3

332 2503 414 2568 Sparsa
430 2520 474 2569 per
488 2503 626 2552 Ambracias
643 2520 697 2569 quar
714 2502 812 2568 jacuere
830 2503 889 2552 vias.

235 2588 285 2639 305
298 2576 410 2641 Nataque
428 2587 455 2625 ut
468 2572 596 2634 AEacidae,
614 2574 699 2641 jaculis
715 2576 824 2625 moriaris
840 2576 953 2627 adailist

282 2674 288 2681 ·
332 2650 388 2697 Non
406 2647 464 2698 licet
480 2651 528 2699 hoc
545 2647 632 2698 Cereri
646 2648 799 2699 dissimulare
816 2648 892 2697 nefas.
907 2670 913 2677 ¹

297 2720 380 2787 thue
395 2736 472 2785 nepos
489 2720 546 2770 diiii
561 2720 643 2771 nostro
657 2720 730 2770 modo
746 2720 850 2769 carmine
866 2722 931 2786 regis

334 2792 506 2844 Cantharidum
523 2792 626 2852 succos,
647 2795 720 2843 dante
734 2805 854 2858 parente,
873 2794 956 2844 bibas.

296 2866 345 2917 Aut
362 2864 419 2934 pia,
437 2878 462 2917 te
479 2865 559 2925 caso,
577 2866 671 2918 dicatur
684 2866 792 2914 adultera
808 2865 911 2922 acient,

236 2954 286 3003 310
335 2939 391 3003 Qud
407 2940 495 2990 cecidit
507 2940 608 2989 Leucon
622 2938 740 2998 vindice,
754 2938 815 2988 didit
830 2937 870 3003 pia
886 2938 930 2987 est.

296 3013 372 3077 lnqne
387 3028 470 3079 pyram
485 3025 565 3062 tecum
579 3013 700 3062 carissima
713 3012 813 3079 phgnora
828 3009 929 3069 mittan

331 3084 410 3152 Quam
420 3084 498 3137 finem
512 3086 569 3136 vitae
585 3086 758 3153 Sardanapalus
774 3086 858 3137 hahet·
