2367 3942
287 388 376 483 (362
415 384 455 451 P.
485 383 683 455 Ογιυιι
709 355 946 455 anorrrs

302 504 395 569 Perque
406 513 445 552 tot
454 518 569 551 annorum
581 500 685 555 seriem,
698 514 758 567 quot
768 502 881 554 habemus
892 519 997 575 uterque
1006 542 1015 568 ‚

338 578 395 627 Non
406 573 479 633 mihi,
492 578 563 641 quern
573 572 641 623 fratri
651 572 727 623 frater
738 606 747 633 ‚
758 589 837 625 amate
847 578 933 629 minuis.

301 650 341 699 Tu
356 650 433 699 bonus
447 648 576 705 hortator,
594 658 622 696 tu
637 646 733 713 duxque
749 647 878 715 corne‘sque
895 652 974 713 fuisti,

338 720 399 772 cum
417 738 527 788 regerem
541 718 626 770 teneri
640 718 708 769 frena
722 722 820 770 novella
835 740 917 775 manu.

257 814 289 862 25
303 795 373 861 Saepe
389 812 437 863 ego
454 794 549 844 correxi
563 792 605 841 sub
620 804 646 842 te
661 792 761 842 censore
775 795 893 888 libelps:

337 863 407 935 Sae'pe
422 867 467 917 tibi
483 866 607 915 admonitu
624 865 684 915 fadla
700 865 772 915 litura
787 884 843 917 meo
860 868 915 929 est3

300 942 406 1007 Dignam
420 939 533 991 Maeoniis
550 936 674 987 Phaeactda
689 940 797 989 condere
814 940 903 991 chartis

337 1012 399 1063 cum
416 1027 440 1063 te
456 1012 563 1063 Pierides
581 1011 732 1077 perdocuere
749 1024 808 1061 tuae.

298 1087 347 1137 Hic
364 1098 454 1145 tenor,
470 1087 521 1136 haec
535 1084 606 1133 viridi
623 1085 754 1134 concordia
770 1097 851 1151 coepta
863 1082 967 1153 juventi

256 1174 290 1226 30
338 1159 416 1212 Venit
433 1159 463 1207 ad
480 1158 588 1207 albentes
606 1157 739 1207 illabefacta
755 1174 846 1208 coines.

301 1232 364 1296 Quae
378 1232 424 1281 nisi
439 1245 463 1281 te
482 1242 612 1287 moveant,
631 1230 692 1279 duro
708 1230 752 1279 tibi
767 1230 865 1297 pedlora
881 1231 947 1281 ferro

338 1304 409 1364 Effe,
426 1306 467 1355 vel
484 1304 572 1353 invidio
590 1303 668 1353 clausa
682 1303 807 1354 adornante
816 1337 826 1359 ,
842 1317 936 1370 putem.

300 1380 350 1429 Sed
364 1378 430 1445 ,prius
447 1377 503 1438 huic
520 1376 600 1427 desint
618 1375 643 1425 δι
659 1376 749 1425 bellurn
767 1376 900 1444 &frigora
916 1391 1012 1438 terroe,

338 1451 428 1500 Invisus
446 1451 515 1500 nobis
533 1465 586 1515 quae
604 1448 653 1502 duo
669 1447 761 1499 Pontus
776 1449 871 1517 helsen

257 1537 288 1589 35
303 1524 335 1573 Et
350 1524 446 1591 tepidus
464 1525 573 1581 Boreas,
595 1521 620 1571 δι
634 1521 667 1571 sit
682 1522 831 1589 praefrigidus
848 1521 957 1584 Auster,

336 1596 367 1646 Et
383 1597 460 1661 possit
474 1596 548 1645 farum
563 1594 660 1643 rnollius
676 1593 723 1645 effe
739 1612 840 1652 meurn;

300 1669 438 1734 Quintus
454 1669 501 1719 sint
516 1667 580 1735 lapso
596 1667 728 1734 precordia
744 1668 802 1717 dure
815 1667 901 1718 sodali.

336 1740 383 1791 Hic
398 1744 504 1791 cumulus
521 1740 605 1791 nostris
618 1740 699 1798 absit,
716 1740 849 1807 abestque,
861 1739 946 1798 malis.

299 1815 338 1864 Tu
350 1812 423 1864 modin
433 1830 476 1878 per
487 1814 592 1879 Superos
604 1845 612 1869 ,
629 1828 731 1877 quorum
744 1814 889 1864 certissimus
901 1814 941 1863 ille
953 1812 1010 1875 est,

256 1903 291 1949 40
340 1886 397 1949 Quo
412 1898 469 1935 tuus
485 1884 579 1935 assidue
595 1883 706 1949 Principe
720 1886 797 1935 crevit
812 1886 892 1936 honor
901 1903 911 1945 5

263 2006 267 2011 .
300 1958 396 2017 Effice,
413 1958 529 2010 constanti
544 1957 673 2025 profugum
690 1958 782 2024 pietate
799 1960 912 2015 tuendo,

337 2035 374 2082 Ne
391 2032 483 2099 sperata
498 2048 575 2081 meam
591 2030 684 2080 desinat
699 2048 755 2080 aure
771 2044 856 2082 ratem.
938 2036 948 2046 “

301 2104 368 2171 Quid
378 2106 500 2163 mandem,
511 2102 598 2171 quaeris
608 2100 618 2151 ἓ
630 2118 741 2169 peream,
754 2104 799 2154 nisi
812 2104 895 2154 dicere
903 2103 944 2154 vix
955 2104 990 2155 est
1001 2121 1011 2166 ς

294 2202 297 2206 ·
337 2180 363 2229 Si
377 2176 469 2236 modd,
489 2179 530 2243 qui
547 2175 640 2244 periit,
660 2176 701 2225 ille
718 2178 797 2241 perire
805 2177 899 2243 potest.

256 2266 289 2313 45
303 2252 356 2301 Nec
367 2250 422 2316 quid
431 2268 499 2319 agam
509 2283 516 2309 ,
526 2248 624 2299 invenio
634 2280 642 2307 ,
652 2265 698 2298 nec
710 2248 764 2314 quid
774 2251 880 2300 nolimve
890 2249 1012 2303 velimve:

337 2325 390 2373 Nec
408 2324 460 2375 satis
473 2323 562 2373 utilitas
578 2321 612 2371 est
628 2339 681 2371 men
694 2334 752 2372 nota
766 2322 833 2373 mihi.

302 2396 381 2447 Crede
398 2396 455 2445 rnihi
467 2413 475 2453 3
489 2396 585 2445 miseros
602 2394 731 2461 prudentia
745 2396 820 2459 prima
835 2395 973 2463 relinquit:

338 2468 369 2517 Et
385 2468 463 2516 sensus
480 2485 533 2517 curn
547 2484 573 2517 re
590 2466 763 2533 consiliumque
778 2469 850 2536 fugit.

300 2542 353 2607 lpse
365 2574 372 2598 ,
384 2556 490 2605 precor,
503 2553 595 2607 quaeras
606 2572 614 2597 ,
626 2539 673 2605 quir
682 2539 727 2589 sinn
736 2540 781 2591 tibi
789 2555 858 2608 parte
868 2538 989 2605 juvandus
1001 2556 1011 2593 ε

258 2629 290 2675 50
339 2608 444 2679 Quo'que
460 2613 522 2665 viam
538 2612 611 2663 facias
627 2612 658 2663 ad
672 2630 727 2665 mea
741 2609 800 2667 vota
814 2614 889 2667 vado.

1087 2669 1088 2678 ,

979 2726 984 2738 ,
1087 2683 1088 2734 l

383 2898 419 2979 .·
553 2803 682 3031 n
