2367 3942
236 394 376 461 Errsr.
402 400 463 457 rx
487 388 631 457 Pouro
658 385 699 459 t.
725 388 794 460 JV.
820 407 896 484 345

901 544 923 585 θ·

342 636 860 735 urrsrotnrv„
1043 694 1049 716 .

279 752 867 827 sax'rorouraro.
948 700 975 827 l

187 875 346 997 Nutu
361 941 413 993 dies
428 924 490 997 adeo
504 941 538 993 esi
552 940 689 993 arrstralibus
705 940 800 991 humida
816 923 920 1003 nimbis,
936 916 987 1049 ζμ
1004 952 1009 967 “

226 1016 285 1065 Non
299 1016 438 1069 intermissis
453 1029 479 1069 ut
495 1017 554 1067 fluat
567 1016 644 1067 imber
660 1014 735 1082 aquis.
854 1077 859 1085 .
947 1061 950 1067 .

189 1089 244 1139 Nec
262 1088 344 1137 llerilis
359 1091 427 1142 locus
442 1092 504 1146 ullus
517 1091 551 1141 ita
566 1088 616 1147 est,
634 1100 726 1137 utnon
739 1088 772 1139 sit
785 1088 810 1137 in
824 1088 870 1139 illo
939 1070 960 1209 Ξ

227 1160 307 1209 Mixta
322 1159 373 1213 ferd
389 1164 453 1215 duris
468 1164 534 1215 utilis
549 1163 623 1213 herba
638 1161 713 1211 rubis.

190 1233 232 1287 Nil
246 1232 309 1284 adeo
324 1232 428 1285 Fortuna
444 1237 523 1303 gravis
536 1235 669 1285 miserabile
682 1231 742 1283 fecit
751 1265 760 1291 ,
907 1247 922 1299 ς

111 1310 112 1313 ’
228 1309 265 1359 Ut
280 1305 387 1355 minuant
400 1308 464 1359 nuru
478 1309 562 1376 grudia
579 1323 641 1374 pace
655 1308 752 1357 malurn.

190 1382 257 1433 Ecce
274 1379 347 1428 domo
363 1378 484 1445 patriique
498 1398 603 1439 carens,
621 1381 746 1445 oculisque
760 1394 885 1439 meorum,

227 1452 364 1519 Naufragus
378 1450 403 1500 in
419 1451 502 1503 Getici
517 1454 595 1504 litoris
608 1452 674 1501 aslus
688 1468 780 1518 aquas;
920 1462 939 1508 ο

192 1526 251 1592 Qus
267 1538 365 1583 tamen.
383 1523 483 1582 inveni,
497 1528 589 1577 uultum
607 1523 759 1582 diffundere,
775 1524 887 1583 causam,

229 1597 340 1657 Possem,
359 1597 472 1649 Fortunae
486 1614 531 1649 nec
546 1596 676 1661 meminisse
690 1613 761 1647 mee.
910 1611 943 1648 ro

192 1675 255 1723 Nam
270 1671 327 1721 mihi
343 1668 397 1721 edm
412 1670 479 1721 sulvd
494 1670 564 1727 tristis
580 1671 694 1737 spatiarer
707 1668 799 1730 arena,
995 1664 999 1670 ’

229 1744 287 1795 Visa
302 1743 335 1793 esd
350 1761 363 1793 a
378 1755 449 1811 tergo
465 1756 543 1809 penna
557 1743 646 1795 dedisse
659 1743 752 1794 sonum.

192 1817 306 1883 Respicit>
316 1832 325 1868 r
337 1832 384 1867 nec
395 1834 483 1882 eorpus
497 1829 569 1879 erat,
584 1818 655 1885 qrrod
663 1830 765 1869 cetum
780 1815 873 1883 possem
883 1832 941 1885 ιλ,

231 1891 315 1941 Verba
330 1901 411 1939 tamen
427 1890 481 1939 sunt
496 1892 549 1941 lraec
563 1907 621 1940 aure
637 1902 735 1954 recepta
749 1891 818 1945 meis

195 1964 232 2015 lin
246 1980 294 2031 ego
309 1964 416 2011 laetarum
429 1961 502 2009 venio
519 1961 562 2009 tibi
577 1962 664 2009 nuntia
677 1977 778 2019 rerum,
913 1977 924 2015 1

231 2037 304 2087 Fama
316 2067 323 2091 ,
343 2048 387 2098 per
402 2031 527 2083 immensas
541 2032 598 2082 a'e‘re
612 2031 676 2097 lapsa
690 2033 751 2082 vias.

197 2108 304 2161 Consule
324 2103 462 2169 Pompeio,
479 2120 528 2173 quo
542 2105 649 2155 nonsibi
664 2106 742 2156 errior
756 2106 838 2167 alter,
859 2134 864 2147 ·
881 2104 888 2115 '
930 2162 934 2169 ¹

233 2180 359 2231 Candidus
374 2178 399 2229 δι
415 2177 473 2227 felix
485 2179 609 2245 proximus
620 2194 695 2228 annus
710 2179 765 2229 erit.
913 2176 924 2194 ’“

196 2256 289 2312 Dixit:
304 2256 348 2312 &,
366 2260 394 2301 ut
410 2250 468 2301 leto
482 2250 585 2307 Pontum
599 2268 696 2302 rumore
713 2252 839 2318 replerit,

233 2329 274 2379 Ad
290 2338 375 2394 gentes
391 2324 449 2375 alias
465 2324 519 2377 lrinc
535 2325 592 2376 Dea
606 2324 680 2375 vertit
695 2325 749 2376 iter.
765 2326 771 2338 ’
913 2343 950 2380 ιο

199 2401 232 2454 At
248 2400 324 2459 rru'hi,
342 2398 439 2464 dilapsis
455 2397 519 2451 inter
534 2413 598 2450 unua
612 2398 697 2466 gaudia
713 2398 796 2461 csuis',

235 2473 333 2527 Excidit
347 2471 459 2537 asperitas
472 2472 545 2540 hujus
560 2472 640 2539 iniqua
654 2472 714 2523 loci.

201 2548 316 2613 Ergoubi
327 2580 334 2607 ,
351 2544 412 2599 lane
422 2544 504 2612 biceps
514 2577 522 2603 ,
538 2547 637 2613 longum
645 2546 787 2597 reseraveris
797 2557 886 2599 annunt
896 2577 904 2603 ,

239 2618 320 2670 Pulsus
337 2619 363 2670 δι
378 2636 392 2669 a
409 2618 475 2669 sacro
491 2619 570 2669 mense
585 2619 724 2669 December
738 2621 784 2669 erit
797 2636 806 2676 ς

202 2691 310 2757 Purpura
324 2691 465 2759 Pompeium
480 2691 562 2743 summi
576 2692 667 2743 velabit
680 2692 797 2743 honoris:
916 2705 948 2754 25

240 2766 279 2815 Ne
294 2763 367 2814 titulis
383 2766 512 2833 quidquam
526 2766 614 2815 debeat
627 2766 670 2815 ille
687 2764 743 2815 suis.
921 2806 932 2831 ,

205 2839 315 2890 Cernere
328 2836 374 2903 jam
389 2838 475 2889 videor
490 2839 568 2905 rumpi
583 2836 715 2904 penetralia
730 2832 801 2886 turus
809 2851 821 2893 ;
920 2845 966 2933 {7⁸

241 2910 273 2960 Et
287 2913 400 2976 populum
413 2911 470 2963 laedi
484 2910 612 2963 deficiente
628 2911 697 2959 locu.

204 2984 354 3050 Templaque
369 2983 482 3049 Tarpeias
498 2981 599 3049 primdm
614 2981 659 3031 tibi
676 2979 738 3031 sedis
752 2977 836 3038 aditi;

241 3056 273 3109 Et
288 3056 341 3109 steri
355 3058 440 3113 sutiles
457 3057 483 3110 'nr
498 3069 539 3109 tua
551 3066 611 3107 ruta
622 3054 703 3128 Deos.
