2367 3942
327 449 806 524 fnucnr'snnn.
881 472 955 552 391

220 574 311 625 Seneca
326 568 475 637 controvers.
493 584 525 620 x.
543 568 584 619 Ex
595 568 781 620 Declamatione
795 568 880 621 Ouidii
894 590 956 639 que-

184 648 238 699 dam
254 648 300 696 laec
314 643 436 714 producit.
455 642 577 710 Quicquid
593 643 682 693 lebetis
697 641 748 701 esi,
763 643 789 692 iu
801 645 850 693 boc
862 645 896 695 est
905 659 961 708 „ut

184 720 256 772 uxori
271 720 367 777 virum,
386 716 412 767 δι
429 717 483 767 viro
500 731 621 774 uxorem,
639 715 739 783 diligere
756 718 887 769 concedas.
906 714 960 770 ise·

185 792 247 845 cesse
264 790 298 842 est
313 790 418 850 deinde,
435 790 516 858 jurene
529 787 675 855 permittas,
689 789 801 839 ciamare
815 791 960 857 pemiseris.

185 867 262 932 Quod
278 862 384 915 habuisse
399 880 444 915 nos
461 861 627 931 jusjurandum
642 860 739 928 putari
759 862 800 913 Tu
816 865 885 914 nobis
902 864 961 915 reli-

162 933 170 940 *
182 940 276 1009 giosurn
287 952 375 988 nomen
390 935 461 988 suilli.
476 936 502 987 Si
512 934 687 993 mentiremur,
701 935 742 985 ilia
756 935 802 986 sibi
815 937 902 987 uamm
915 955 960 1005 pe-

182 1026 247 1064 trem
265 1009 406 1070 invocadt,
426 1026 474 1079 ego
495 1010 614 1060 socerum.
633 1007 728 1068 Parce,
749 1020 819 1075 peter
839 1026 846 1060 :
865 1028 958 1077 parce,

184 1086 256 1137 socer
269 1101 277 1137 s
291 1100 341 1135 non
354 1081 525 1149 pejeravimus.
541 1082 608 1133 Ecce
623 1080 765 1150 objurgator
776 1082 858 1133 nolier'
866 1116 874 1143 ,
889 1088 959 1151 quiin

184 1157 304 1209 effrenato
316 1172 399 1207 amore
413 1156 490 1207 sertus
503 1156 509 1206 l
522 1172 665 1223 quamquem
678 1155 726 1205 eise
741 1153 814 1205 liliam
828 1160 957 1223 preceris:

183 1248 267 1282 catum
283 1230 400 1298 quidem,
420 1230 485 1296 quod
500 1230 567 1279 illum
584 1231 614 1277 ab
629 1227 778 1295 indulgentia
795 1228 834 1277 sua
857 1244 957 1284 avocet.

170 1303 221 1355 ·Dt
241 1303 319 1354 boni!
339 1303 462 1370 quomodo
478 1302 519 1350 hic
535 1301 624 1351 amavit
645 1298 768 1351 uxorein?
787 1300 957 1365 matidiam,

185 1378 214 1429 δι
229 1377 324 1427 abdicat
341 1392 348 1425 ε
365 1376 433 1425 dolet
449 1374 608 1441 periclitatam
623 1371 690 1431 effe,
708 1373 733 1424 dt
749 1372 827 1423 obeo
842 1375 957 1438 abducit,

183 1452 238 1502 sine
262 1464 311 1517 quo
334 1460 407 1514 negat
428 1446 452 1497 se
473 1446 539 1513 polle
561 1446 646 1496 vivere
666 1446 803 1512 :queritur
823 1447 958 1511 periculum

183 1522 259 1589 ejus,
277 1520 323 1589 qui
339 1536 407 1587 paene
424 1522 501 1574 canuit
516 1518 565 1569 hicn
575 1518 617 1585 qui
629 1534 710 1568 etnare
727 1517 797 1568 caure
811 1518 891 1585 jubet.
911 1523 960 1575 Fa.

185 1594 255 1653 cilids
276 1596 302 1645 in
325 1609 407 1643 amore
424 1590 496 1641 finem
512 1592 648 1656 impetres,
670 1594 741 1658 quon
755 1586 861 1641 'modurn
878 1608 887 1645 t
904 1607 957 1647 tum

91 1718 92 1725 ,
183 1671 231 1718 hos
248 1666 318 1733 ponis
329 1665 465 1723 terminos,
480 1676 508 1714 ut
524 1664 583 1715 nihil
597 1664 706 1723 iaciant,
722 1663 767 1713 nisi
782 1666 956 1729 consideratis

185 1740 246 1791 nihil
262 1739 403 1805 promittant
417 1771 424 1796 ‚
444 1739 489 1787 nisi
506 1748 532 1787 nt
547 1736 585 1803 jus
602 1737 706 1796 iailuri3
728 1729 809 1787 dmnia
823 1741 898 1789 veson
917 1759 958 1791 ra-

184 1814 253 1865 tione
269 1812 295 1861 δι
311 1809 360 1861 lide
376 1812 520 1878 ponderent.
535 1812 613 1863 Senes
629 1811 663 1862 sic
677 1823 767 1863 amant.
783 1810 862 1862 Pauca
877 1812 957 1875 nodi,

184 1900 254 1953 pater
265 1908 274 1943 s
287 1884 402 1935 crimina:
416 1886 441 1936 &
455 1886 601 1955 litigavimus
614 1885 742 1951 aliquando
752 1918 760 1944 ,
772 1884 799 1935 δι
809 1886 958 1948 cecidimus

187 1960 213 2011 ἃ
236 1958 351 2017 fortusse,
371 1959 436 2025 quod
457 1974 506 2007 non
524 1970 617 2023 putus,
637 1957 810 2022 pepercerimus.
839 1958 908 2022 Quid
926 1962 957 2011 ad

183 2044 265 2098 patres
280 2030 406 2097 pertinet,
424 2029 489 2095 quod
505 2041 613 2079 amantes
626 2027 731 2093 jurent?
748 2029 770 2079 si
784 2029 821 2079 vis
837 2032 957 2095 credere,

175 2118 232 2156 'nec
247 2103 277 2153 ad
287 2103 357 2153 Deos
372 2101 487 2167 pertinet.
500 2102 558 2150 Non
570 2100 605 2149 est
618 2102 684 2167 quod
698 2098 741 2149 tibi
754 2102 867 2166 placeas,
879 2120 957 2167 uxor,

184 2190 304 2243 tamquam
319 2174 393 2243 prima
409 2173 569 2239 peccaveris:
582 2174 655 2239 periit
669 2173 747 2239 eliqua
763 2190 818 2223 cum
832 2176 901 2238 siro‚'
915 2193 959 2244 pe.

185 2251 226 2301 siit
245 2248 323 2315 aliqua
341 2263 387 2312 pro
405 2247 483 2296 vito:
503 2246 555 2295 illas
575 2257 656 2295 tamen
675 2246 752 2295 omnis
771 2258 829 2296 aetas
851 2249 958 2302 honora·

186 2323 241 2379 bit,
256 2336 328 2371 omne
341 2319 473 2370 celebrabit
486 2317 618 2384 ingenium.
633 2318 699 2375 ees,
715 2318 802 2377 socer,
814 2320 958 2376 felicitatem

186 2407 251 2445 tuam
268 2409 276 2443 z
292 2408 402 2459 magnum
417 2391 461 2440 tibi
477 2394 547 2456 quun
562 2406 637 2455 parvo
653 2388 745 2440 constat
761 2395 896 2457 exemplum
911 2397 917 2445 l
931 2398 957 2447 in
1020 2413 1022 2416 ·

184 2465 304 2531 reliquum
315 2464 479 2531 diligentiores
488 2462 543 2513 iasii
554 2463 633 2513 sumus
646 2478 653 2511 t
666 2479 773 2513 errorem
784 2465 888 2516 nollrurn
899 2484 958 2519 con·

184 2538 282 2590 fitemur
297 2554 305 2588 ι
321 2534 444 2589 exciderat
463 2534 617 2601 jurantibus,
629 2532 689 2585 ‚eise
704 2537 807 2586 sertim
816 2538 861 2604 qui
879 2543 958 2608 magis

185 2625 294 2663 amaret:
307 2612 342 2663 sic
352 2645 359 2672 ‚
370 2608 404 2660 Di
416 2642 424 2668 ‚
437 2608 468 2658 sit
483 2608 576 2675 semper
588 2608 595 2658 Ξ
611 2608 756 2668 Persevera,
773 2610 861 2669 socen
875 2615 958 2681 recipe

185 2684 260 2736 filiam
274 2702 281 2735 ε
294 2702 360 2752 ego,
380 2682 420 2750 qui
435 2682 557 2748 petrosi,
580 2680 653 2747 poeni
671 2681 757 2748 dignus
773 2682 822 2731 sum
841 2700 849 2734 t
867 2702 957 2751 quare,
1031 2736 1036 2743 ,

186 2773 265 2807 uxore
281 2758 386 2815 necati,
405 2756 490 2807 socero
505 2755 574 2810 cause
587 2755 633 2805 sim
646 2753 779 2806 orbitatis?
797 2756 925 2808 Discedam
943 2778 958 2811 e

188 2829 288 2879 civitate
302 2829 406 2897 :fugiam
423 2845 429 2880 ε
445 2828 558 2881 exsulabo
573 2844 580 2880 ε
596 2841 726 2893 luteumque
741 2839 847 2891 potero,
863 2830 960 2884 deside·

187 2902 249 2952 rium
263 2900 345 2949 miseri
363 2902 389 2951 δι
404 2902 496 2953 crudeli
512 2902 631 2967 patientiis
645 2900 774 2967 perieram.
788 2899 921 2963 Morerer,
937 2907 959 2957 si

188 2974 253 3027 solus
270 2973 399 3024 moriturus
416 2972 499 3025 elren.

225 3118 256 3173 In
278 3117 357 3170 codice
376 3117 546 3187 poimetiorum
565 3131 667 3169 ueterum
689 3114 758 3187 longi
778 3116 959 3188 mtiquicsimu,
