2367 3942
266 516 579 587 FAsroner
608 517 808 589 L1n.II.
858 539 908 613 45

197 629 276 684 Aurea
290 638 414 701 pellebant
425 634 525 701 rapidos
537 635 674 685 umbracula
685 636 748 686 soles
760 654 769 695 3

233 708 294 772 Quae
309 721 391 759 tamen
405 709 536 757 Herculeae
551 707 678 759 sustinusre
691 726 784 760 manus.

198 776 296 847 Jamque
308 798 392 831 nemus
403 781 511 838 Bacchi,
528 781 610 831 Tmoli
621 781 702 831 vineta
714 814 722 840 ‚
739 784 840 834 tenebat
851 800 861 843 ;

232 854 357 919 Hesperus
369 855 394 905 dt
404 855 472 905 susco
483 853 590 903 roscidus
606 855 657 903 ibat
667 871 740 918 equo.

196 923 275 977 Antra
286 925 365 985 subit,
382 928 463 993 tophis
474 928 633 993 laqueataque
644 929 737 992 pumice
748 928 825 989 vivo,
917 944 967 996 315

234 999 354 1049 Garrulus
364 1000 388 1049 in
401 1001 479 1066 primo
495 1000 575 1051 limine
586 1002 660 1049 tirm-
669 1014 730 1051 erat.

196 1070 313 1137 Dumque
324 1080 408 1141 parant
420 1075 503 1140 epulas
517 1073 671 1139 potandaque
685 1074 740 1123 vina
754 1074 870 1135 minislri,

234 1144 347 1195 Cultibus
360 1146 465 1197 Alciden
478 1145 569 1196 insltuit
582 1147 623 1195 illa
636 1146 692 1197 suis.

196 1216 247 1268 Dat
258 1230 343 1269 tenues
354 1220 447 1270 tunicas
459 1251 467 1277 ,
487 1219 586 1270 Gaetulo
597 1220 688 1269 murice
702 1220 787 1270 tinslas
798 1238 809 1279 ς

234 1291 285 1341 Dat
296 1305 401 1343 teretem
417 1309 522 1350 zonam,
540 1292 585 1357 qud
600 1292 674 1342 modd
688 1294 765 1343 cinsla
777 1295 832 1344 suit.
918 1307 970 1361 320

196 1361 291 1417 Ventre
302 1367 380 1415 minor
393 1382 456 1415 zona
468 1364 501 1414 esl
514 1381 521 1415 z
535 1365 671 1417 tunicarum
684 1367 766 1415 vincla
776 1368 890 1427 relaxat,

232 1438 268 1488 Ut
282 1439 361 1504 possit
372 1438 449 1487 vallas
463 1437 591 1489 exseruisse
606 1454 699 1489 manus.

196 1509 310 1579 Fregerat
321 1512 447 1568 armillas,
465 1525 515 1559 non
528 1511 568 1559 illa
581 1510 611 1558 ad
624 1511 722 1559 brachia
732 1510 805 1559 factas
817 1526 826 1568 3

231 1584 388 1652 Stringebant
400 1598 502 1649 magnos
514 1582 611 1629 uincula
623 1598 697 1646 parua
708 1583 793 1645 pedes.
807 1646 811 1654 ι

116 1698 119 1705 ,
193 1654 247 1723 ipsa
260 1658 325 1721 capit
337 1658 481 1721 clavamque
492 1668 610 1719 gravem,
627 1653 775 1719 spoliumque
786 1654 879 1716 leonis,
919 1671 969 1722 325

231 1728 389 1793 Conditaque
404 1728 429 1775 in
441 1727 553 1793 pharetra
563 1726 613 1775 tela
626 1726 717 1777 minora
730 1726 782 1777 sud.

191 1802 234 1852 Sic
248 1800 328 1867 epulis
342 1800 435 1858 sunsli,
454 1800 490 1851 sic
505 1800 560 1849 dant
574 1798 614 1849 sua
626 1815 729 1865 corpora
743 1800 845 1861 somno;

231 1873 264 1923 Et
279 1873 366 1939 positis
378 1873 448 1940 juxta
465 1873 596 1923 secubuere
611 1873 680 1923 toris.

194 1946 273 1998 Causa
285 1944 296 1995 ἓ
315 1948 436 2014 repertori
448 1946 505 1997 vitis
519 1948 557 2013 pia
570 1946 635 1997 sacra
647 1948 781 2011 parabant,

232 2018 297 2083 Quae
308 2020 418 2071 lacerent
428 2020 488 2087 purb
499 2054 508 2077 ,
527 2018 580 2071 edm
594 2020 660 2071 soret
670 2033 723 2069 orta
738 2022 800 2071 dies.
918 2035 969 2087 330

195 2092 280 2143 Noslis
294 2106 347 2143 erat
357 2093 463 2143 medium
474 2107 481 2142 a
494 2093 552 2157 quid
562 2110 612 2143 non
623 2109 690 2141 amor
702 2093 824 2159 improbus
835 2094 932 2146 audet?

125 2200 131 2213 .
233 2164 338 2215 Roscida
350 2181 395 2229 per
404 2165 518 2213 tenebras
528 2165 623 2214 Faunus
633 2164 664 2212 ad
673 2179 740 2213 antra
752 2168 828 2216 venit.

196 2238 281 2305 thue
298 2236 367 2287 uidet
380 2236 463 2288 somno
479 2235 580 2287 comites
592 2236 699 2303 vinoque
711 2237 820 2299 solutos,

233 2312 307 2377 Spem
318 2310 381 2375 capit
392 2310 416 2359 in
428 2309 529 2361 dominis
540 2309 587 2359 elle
602 2309 694 2374 soporis
707 2310 780 2360 idem.

195 2382 273 2434 Intrat
284 2416 292 2442 ,
310 2384 335 2433 δι
346 2384 394 2433 huc
405 2384 463 2434 illuc
474 2383 617 2433 temerarius
622 2395 693 2432 errat
703 2384 816 2443 adulter;
915 2399 966 2451 355

235 2456 266 2505 Et
276 2457 377 2522 praesert
389 2468 490 2515 cautas,
510 2456 730 2521 subsequiturque,
748 2474 841 2511 manus.

115 2522 117 2584 l
196 2529 307 2583 Venerat
317 2530 348 2582 ad
360 2528 424 2579 strati
437 2541 531 2593 captata
542 2529 631 2588 cubilia
640 2528 715 2590 letti,

234 2600 265 2649 Et
278 2601 354 2666 prima
368 2602 427 2653 felix
441 2600 505 2651 sorte
516 2601 611 2653 sutttrus
623 2614 685 2656 erat.

196 2672 233 2723 Ut
247 2674 327 2742 tetigit
340 2676 400 2725 fulvi
414 2674 469 2725 setis
484 2673 573 2725 hirsuta
585 2676 666 2725 leonis
747 2732 751 2742 ,

141 2790 146 2805 ,
232 2747 352 2806 Vellera,
369 2747 512 2813 pertimuit,
528 2746 681 2813 sustinuitque
693 2764 808 2815 manumj
915 2760 967 2814 340

196 2818 368 2887 Attonitusque
378 2836 444 2869 meru
454 2820 529 2869 rediit
540 2837 547 2872 a
559 2821 658 2885 utlsaepe
667 2821 747 2871 viator

115 2889 116 2894 ’
231 2891 365 2943 Turbatum
378 2893 430 2943 viso
444 2893 538 2943 rettulit
551 2910 629 2961 angue
643 2894 739 2958 perlem.

196 2964 255 3015 lnde
268 2965 335 3024 tori,
353 2966 393 3031 qui
405 2965 499 3033 junctus
511 2977 562 3015 erat
574 3000 582 3024 ,
598 2967 718 3015 selamim
727 2964 806 3031 tangit

231 3038 343 3097 Mollia,
358 3038 468 3089 mendaci
483 3038 650 3104 decipiturque
663 3038 731 3087 notd.
827 3087 830 3089 ,

196 3107 312 3165 Ascendit
325 3126 333 3167 3
352 3110 485 3177 spondaque
497 3112 542 3163 sibi
552 3112 669 3178 ptopiote
682 3106 823 3167 recumbit5
915 3120 949 3172 34
954 3123 965 3170 5

229 3184 263 3236 Et
278 3183 356 3253 rigido
370 3198 448 3245 cornu
463 3184 543 3237 durius
557 3185 648 3256 inguen
659 3193 721 3233 erat.
