2367 3942
303 393 354 489 58
404 395 446 461 P.
475 388 674 461 Ortntr
699 384 927 456 Nasonis

304 512 404 568 Ardet;
421 507 446 559 δι
460 504 540 572 injusti
554 504 651 557 stimulis
665 505 769 575 agitatus
783 507 873 557 amoris

242 586 297 654 780
344 581 476 647 Compatet
492 582 591 648 indigno
605 580 702 645 vimque
719 580 851 645 dolumque
866 593 933 631 toro.

305 656 390 709 Exitus
404 656 429 705 in
444 654 518 705 dubio
534 653 576 705 eil.
589 652 739 703 Audebimus
754 652 857 709 ultima,
872 654 942 703 dixit.

342 730 460 787 Viderit,
477 726 596 779 audentes
612 725 704 777 Fomne
720 724 823 775 Deusne
838 725 925 791 juvet:

306 803 421 869 Cepimus
435 801 548 851 audendo
565 798 659 853 Gabios
673 814 781 865 quoque.
796 798 867 849 Talia
882 800 946 849 latus

343 874 405 925 Ense
421 876 483 925 latus
500 873 595 943 cingit,
614 886 732 939 tergaque
749 872 838 937 pressit
853 873 921 939 equi.

243 951 296 1017 785
309 947 408 1013 Accipit
421 948 495 999 reteri
509 946 624 1013 juvenem
638 944 744 995 Collatia
759 946 851 1010 portic

346 1020 461 1071 Condere
477 1020 524 1086 jam
541 1022 623 1071 vultus
637 1018 695 1069 Sole
712 1031 811 1082 parente
826 1018 893 1069 suos.

307 1093 409 1153 Hostis,
427 1107 454 1145 ut
467 1094 572 1158 hospes,
590 1093 634 1143 init
647 1092 781 1157 penetralia
796 1090 930 1143 Collatint.

345 1166 456 1219 Comiter
471 1167 608 1233 excipitur:
622 1165 734 1232 sanguine
749 1162 845 1231 jaddus
859 1181 924 1215 etat.

309 1236 434 1307 Quantum
444 1240 527 1290 animis
538 1238 627 1289 errotis
637 1239 696 1289 inest
708 1238 714 1287 !
727 1253 816 1303 paroc,
832 1238 906 1289 inscia
917 1248 1014 1291 tertius

247 1329 301 1382 790
350 1314 439 1365 infelix
453 1316 536 1380 epulas
553 1312 659 1363 hostibus
675 1311 715 1361 illa
731 1310 789 1363 suis.

308 1386 412 1438 Fundus
423 1401 476 1437 etat
487 1387 585 1453 dapibus
598 1402 605 1436 ι
617 1384 719 1451 poscunt
730 1384 769 1435 sua
781 1399 890 1449 tempure
901 1380 990 1439 somni.

346 1462 404 1512 Nox
418 1474 490 1521 erat,
512 1460 538 1511 δι
553 1460 606 1511 toti
620 1459 707 1510 lumina
724 1459 789 1509 nulls
803 1458 887 1509 domo.

309 1533 411 1601 Surgit,
433 1535 458 1587 dt
472 1547 581 1585 auratum
597 1535 685 1602 vaginis
700 1535 786 1583 liberat
798 1531 900 1589 ensem3
924 1566 928 1570 -

348 1607 379 1657 Et
396 1608 464 1657 venit
478 1609 503 1656 in
517 1609 654 1665 thalamos,
671 1620 745 1672 nupta
760 1605 866 1671 pudice,
882 1617 954 1658 tuos.

247 1694 299 1747 795
311 1678 395 1744 thue
405 1671 485 1729 totoni
493 1680 596 1743 pressit,
609 1680 723 1734 Ferrum,
735 1678 848 1729 Lucretia
856 1711 865 1737 ,
873 1694 971 1729 mecum
982 1672 1025 1733 et,

238 1794 242 1803 .
346 1752 443 1807 Natus,
461 1763 513 1807 ort,
530 1749 614 1816 tegis,
630 1749 824 1815 Tarquiniusque
838 1753 937 1818 loquor.

310 1826 355 1875 llla
370 1822 428 1872 nihil
442 1839 448 1873 ε
462 1838 541 1888 neque
556 1823 621 1873 enim
635 1838 724 1872 vocem
738 1822 851 1889 viresque
865 1823 986 1893 loquendi
1002 1854 1011 1880 ,

346 1897 397 1945 Aut
411 1896 500 1961 aliquid
514 1908 569 1947 toto
584 1895 683 1963 petione
699 1897 787 1947 mentis
800 1897 883 1947 habet.

310 1970 360 2021 Sed
372 1968 452 2019 tremit
464 2002 472 2027 ,
489 1982 516 2021 ut
526 1970 646 2037 quondam
656 1967 752 2021 stabulis
762 1969 878 2035 deprensa
888 1970 1001 2031 relidlis,

249 2042 302 2095 800
349 2040 424 2093 Parva
439 2044 480 2093 sub
497 2042 583 2093 inlesso
598 2041 653 2095 clm
668 2042 733 2110 jacet
747 2060 809 2111 agne
822 2047 890 2112 lupo.

310 2114 378 2180 Quid
394 2116 487 2169 faciat?
505 2118 617 2185 pugnet?
635 2118 849 2168 vincetutlemine
863 2116 954 2183 pugni.

350 2189 468 2241 Clamet?
484 2203 509 2240 at
523 2192 547 2241 in
561 2192 666 2251 destra,
683 2190 723 2253 qui
740 2200 830 2246 necet,
846 2193 912 2239 ensis
922 2189 1013 2241 'adest·
1075 2193 1076 2196 ’

310 2261 438 2329 Effugiat?
456 2264 542 2329 positis
558 2273 659 2329 urgetur
674 2261 771 2326 pectora
787 2260 889 2323 palmis,

348 2336 420 2387 Nunc
435 2334 535 2403 primuim
551 2335 652 2385 externi
667 2333 764 2398 pestora
779 2332 841 2380 todia
856 2346 937 2379 mano.

252 2405 302 2472 805
316 2408 388 2459 Instat
402 2426 481 2459 amans
492 2407 563 2457 hostis
578 2408 690 2472 precibus
701 2403 869 2470 spatioque,
886 2400 1037 2472 minisque:

348 2483 402 2534 Nec
417 2497 509 2546 prece,
527 2495 572 2529 nec
588 2478 688 2544 pretio,
705 2493 752 2526 nec
766 2487 850 2525 motet
863 2474 904 2523 illc
919 2478 1011 2533 minis.

311 2554 353 2604 Nil
367 2554 418 2621 agis
430 2573 437 2603 s
450 2552 569 2617 eripiam,
587 2550 667 2606 dixit,
685 2566 730 2613 per
744 2547 841 2598 crimina
853 2546 952 2609 uitam

349 2626 367 2675 F
369 2626 429 2674 alsus
444 2622 556 2677 adulterii
570 2623 635 2673 tellis
649 2622 745 2673 adulter
758 2620 814 2670 crit.

312 2698 449 2749 lnterimrm
466 2697 598 2753 famulum,
617 2713 670 2748 cum
685 2712 735 2760 quo
752 2694 869 2761 deprensa
883 2694 987 2753 lerdris.

251 2770 303 2822 810
349 2770 482 2821 Succubuit
496 2770 565 2821 ,sitnm
581 2770 642 2819 vidia
657 2770 738 2834 puella
753 2781 830 2826 metu.

314 2841 400 2906 Quid,
418 2842 511 2900 victor,
528 2840 640 2910 gaudes?
656 2844 707 2893 haec
722 2856 748 2892 te
763 2842 864 2893 victoria
878 2842 977 2910 perdet.

349 2916 405 2967 Heu
420 2915 427 2965 l
442 2929 534 2983 quanto
548 2916 628 2983 regnis
642 2934 691 2967 nox
706 2915 771 2968 stetit
785 2935 831 2968 unt
846 2918 893 2969 tuis
906 2916 913 2966 l

310 2986 412 3055 Jamque
427 3004 479 3041 erut
495 3004 549 3043 ortt
562 2989 613 3041 dies
626 3008 633 3041 c
645 2992 722 3058 passis
736 2992 803 3043 seder
817 2992 857 3042 illa
869 2988 995 3057 capillis}

314 3120 317 3125 ¹
346 3060 383 3113 Ut
398 3063 463 3117 solet
473 3064 507 3127 μὶ
521 3064 572 3119 mu
585 3078 663 3118 mater
676 3066 740 3118 itura
753 3083 851 3135 rogum.
