2367 3942
290 430 343 506 34
394 412 437 480 P.
464 408 657 478 071011
682 408 904 479 Nrsonrs

288 533 356 583 State
368 528 479 581 coronati
487 530 585 595 plenum
595 528 625 579 ed
635 530 743 595 presepe
753 527 852 594 juvenci
863 549 872 587 ς

325 603 388 653 cum
399 603 485 669 tepide
498 602 601 653 velimm
610 618 669 652 rere
680 602 768 654 redibit
782 619 853 667 opus.

228 678 278 745 665
288 678 397 729 Rusticus
411 676 536 733 emeritum
550 678 607 742 palo
618 676 745 741 suspendat
757 688 882 733 aratrum

326 752 407 801 Omne
422 750 562 801 reformidet
577 750 661 817 frigida
676 750 763 798 vulnus
776 749 872 799 humus.

289 826 380 877 Villice
392 844 406 882 ,¹
417 824 446 873 'da
458 825 566 889 requiem
581 836 673 880 terre,
688 822 794 871 semente
809 822 918 887 perusiii

328 898 367 946 Da
382 897 508 962 requiem,
527 910 616 951 terram
631 897 673 962 qui
686 898 806 952 coluere,
824 897 888 946 viris.

290 970 366 1039 Pagus
377 984 433 1037 agat
444 970 527 1019 sellum
540 986 547 1020 ι
559 987 646 1037 pagum
658 969 774 1024 lustrate,
790 970 889 1029 coloni3

227 1045 280 1109 670
291 1048 295 1055 '
330 1044 360 1093 Et
369 1039 428 1093 ,dete'
440 1044 536 1111 paganis
551 1060 629 1091 annue
639 1044 689 1091 liba
701 1041 773 1092 focis.

290 1116 419 1168 Placemus
429 1130 516 1166 matres
527 1117 641 1183 furgum,
655 1116 790 1181 Tellusque
801 1115 939 1183 Ceresque,

327 1191 398 1241 Ferre
410 1190 470 1247 suu,
487 1190 590 1257 gravidae
605 1190 784 1253 visceribusque
799 1190 854 1239 suin
944 1230 950 1236 .

291 1262 404 1315 Officium
417 1278 546 1313 commune
560 1261 637 1311 Ceres
651 1263 677 1312 bt
690 1261 767 1311 Terra
781 1274 890 1312 urentur.
995 1279 998 1288 ·

327 1336 386 1385 Haec
401 1339 493 1401 praebet
504 1335 598 1385 causam
611 1336 738 1403 frugibus,
756 1336 796 1384 illa
809 1337 898 1385 locum.

229 1410 280 1477 675
292 1410 425 1461 Consortes
436 1426 553 1476 operum,
571 1426 615 1475 per
625 1426 684 1475 quas
699 1410 806 1458 correcta
818 1409 937 1472 vetusius,

280 1520 285 1531 ,
328 1484 477 1550 Quernuque
491 1486 558 1552 glans
572 1483 632 1533 risle
647 1484 681 1535 est
689 1483 786 1533 utiliore
802 1484 877 1541 cibo,

291 1556 409 1625 Frugibus
423 1559 542 1607 immensis
557 1558 641 1606 avidos
653 1558 736 1607 satiare
750 1562 874 1615 colonos,

327 1631 362 1679 Ut
379 1632 475 1695 capiant
486 1631 565 1678 cultile
579 1632 674 1694 premia
688 1632 759 1695 digna
773 1630 817 1677 sui.

289 1705 343 1754 Vos
360 1703 415 1751 date
432 1712 563 1768 perpetuos
578 1702 669 1749 teneris
682 1702 827 1750 sementibus
843 1702 945 1755 auslust
999 1710 1007 1746 Ι

228 1775 280 1826 680
328 1776 380 1825 Nec
395 1792 457 1826 nova
472 1790 517 1840 per
527 1774 618 1841 gelidas
629 1776 702 1823 herbe
718 1776 749 1823 sit
761 1774 810 1824 usia
822 1777 899 1827 niues.

289 1846 350 1899 Cim
363 1848 480 1903 serimus,
499 1848 585 1896 coelum
599 1848 678 1896 ventis
688 1848 780 1912 aperite
795 1851 883 1900 serenis
896 1866 904 1900 ε

326 1920 387 1970 Cim
398 1922 477 1981 lutet,
495 1922 601 1971 etherei
616 1921 718 1990 spargite
731 1922 812 1973 semen
824 1924 896 1990 aqui.

290 1996 363 2045 Neve
379 2012 464 2063 graves
477 1996 547 2046 cultis
559 1995 671 2045 Cerealia
685 1996 767 2056 dona,
787 2010 872 2047 cavete
885 2030 893 2054 ‚

325 2069 428 2136 Agmine
444 2070 527 2120 laesuro
542 2070 720 2137 depopulentur
734 2088 801 2120 aves.

227 2140 280 2209 685
288 2143 343 2195 Vos
360 2160 456 2211 quoque
469 2144 600 2211 subjeslis,
616 2145 741 2199 sermicae,
756 2143 848 2208 parcite
860 2142 966 2209 granis3

326 2214 380 2264 Post
391 2217 484 2266 messem
496 2216 581 2281 praedae
595 2217 664 2278 copia
678 2214 756 2278 major
771 2215 827 2262 erit.

288 2289 385 2338 interea
398 2292 488 2339 crescat
505 2288 591 2337 scabrae
603 2287 718 2353 rubiginis
733 2302 840 2351 expers,

323 2363 347 2412 N
349 2380 377 2412 ec
387 2364 446 2413 vitio
458 2362 514 2411 coeli
524 2361 615 2425 palleat
625 2377 688 2427 aegra
699 2359 777 2425 seges.

287 2434 317 2485 Et
333 2454 411 2502 neque
426 2434 521 2484 deficiat
534 2429 630 2504 macie,
649 2448 729 2496 neque
744 2430 857 2497 pinguior
872 2444 954 2495 aeque
1018 2442 1022 2447 ’

224 2508 276 2574 690
324 2509 423 2558 Divitiis
437 2517 521 2572 pereat
537 2505 656 2554 luxuriosa
672 2505 728 2553 suls.

288 2580 319 2632 Er
332 2594 429 2629 careant
441 2579 522 2634 loliis,
540 2580 626 2627 oculos
641 2577 798 2633 vitiantibus,
812 2576 884 2643 agri3

324 2654 378 2702 Nec
390 2652 473 2701 sterilis
488 2653 554 2701 culto
565 2652 645 2720 surgat
658 2668 733 2699 avena
745 2650 806 2699 solo.
978 2712 981 2715 ἢ

287 2725 409 2776 Triticeos
421 2726 485 2775 setus
497 2760 504 2784 ,
521 2724 660 2791 passuraque
671 2724 733 2773 sarra
744 2724 778 2772 bis
789 2724 870 2791 ignem
881 2757 891 2781 ,
1012 2728 1031 2745 ⁴¹

324 2798 471 2865 Hordeaque
484 2799 575 2867 ingenti
588 2800 674 2848 fenore
686 2797 771 2847 reddet
784 2813 851 2865 ager.

226 2875 275 2940 695
290 2872 346 2923 Hoc
362 2890 408 2941 ego
419 2890 464 2941 pro
477 2875 565 2928 vobis,
584 2873 633 2921 hoe
644 2889 688 2922 vos
700 2883 784 2937 optate
795 2871 902 2930 coloni;
932 2903 935 2911 ·
1019 2874 1031 2897 ⁸

268 2984 271 2987 -
323 2944 482 3013 Efficiantque
497 2959 673 3013 rates'utraque
689 2945 753 2994 Diva
767 2962 864 3010 preces.

285 3018 352 3069 bella
365 3021 405 3071 diu
416 3034 517 3070 tenuere
531 3020 597 3069 viros
609 3037 618 3078 ς
634 3030 686 3069 erat
696 3021 775 3086 aptior
786 3021 851 3070 ensis

324 3094 433 3149 Venere
446 3110 453 3147 ι
467 3094 569 3155 redebet
579 3105 662 3146 seruus
674 3106 756 3146 arator
768 3110 844 3161 equo.
864 3123 866 3129 ·
