2367 3942
263 383 336 457 180
384 381 896 453 RorrmrNAsorrrs
966 354 971 365 κ

232 542 252 579 u
572 519 970 581 affinga-m

408 634 663 706 ELEGIA
704 637 743 699 X.

261 732 362 857 Lis
371 808 387 845 e
396 810 415 846 st
424 810 442 846 Δ
455 812 613 862 quaecumque
625 794 657 846 est
668 808 724 845 toto
737 796 781 881 sipi
791 794 851 845 lesia
864 795 969 857 libello,

297 868 335 917 Est
352 870 411 918 mihi
425 870 524 920 solicitae
537 882 648 934 tempore
663 869 723 919 sassa
741 870 795 919 viae.

233 943 284 1005 Aut
293 944 354 991 hane
363 958 416 1001 me,
429 943 502 1009 gelidi
511 955 640 993 tremerem
651 958 703 991 cum
713 942 792 991 mense
801 942 949 994 Decembris
961 976 972 1003 ,

295 1015 448 1064 Scribentem
465 1015 548 1065 mediis
561 1015 654 1081 Hadria
668 1014 730 1064 vidit
744 1015 831 1080 aquis:

235 1105 248 1152 ς
262 1087 326 1145 rius,
337 1088 389 1153 posi
399 1092 468 1155 quim
478 1088 591 1137 bimarem
602 1084 671 1137 cursu
682 1087 842 1153 superavimus
853 1087 971 1147 Isthmon,

298 1163 431 1226 Alteraque
448 1160 480 1210 esi
497 1160 582 1210 nostros
599 1160 673 1209 sumta
690 1161 769 1210 carina
786 1160 858 1227 sugae.

261 1231 336 1297 Quod
351 1234 457 1283 facerem
472 1233 553 1284 versus
570 1232 634 1282 iuter
648 1233 699 1283 sera
716 1250 834 1283 murmura
850 1234 941 1300 ponti,

295 1306 415 1373 Cycladas
428 1305 518 1373 AEgsas
534 1304 675 1371 obstupuisse
690 1319 759 1371 puto.

259 1378 313 1445 lpse
331 1396 378 1446 ego
393 1394 456 1429 nune
472 1380 563 1438 miror,
579 1380 653 1428 tantis
666 1380 797 1445 animisque
811 1379 930 1446 marisque

218 1466 252 1501 so
299 1453 419 1503 Flusiibus
435 1452 555 1518 ingenium
573 1468 623 1501 non
638 1452 747 1501 cecidisse
762 1469 850 1501 meum.
945 1506 948 1513 ¹

260 1524 308 1575 Seu
324 1526 405 1590 stupor
418 1525 474 1574 huic
490 1525 585 1583 studio..
601 1526 652 1575 sive
667 1525 724 1583 huic
739 1526 826 1575 insania
839 1518 951 1583 uomens

298 1598 385 1648 Omnis
401 1599 430 1648 ab
447 1599 491 1648 hac
509 1597 566 1647 curs
580 1615 647 1649 mens
663 1598 770 1647 relevata
785 1615 838 1647 mea
856 1597 898 1648 est.

240 1668 331 1735 ,Saepe
348 1688 395 1738 ego
409 1671 523 1720 nimbosis
540 1671 624 1721 dubius·
641 1669 743 1736 jasiabat
759 1671 909 1729 ab,Haedis;

295 1743 365 1808 Saepe
380 1744 458 1792 minax
471 1744 588 1807 Steropes
605 1743 685 1794 sidere
699 1756 786 1809 pontus
801 1756 873 1801 erat3
927 1742 930 1749 '

218 1828 247 1875 ¹5
261 1815 279 1864 F
282 1815 425 1881 uirebatque
441 1816 504 1865 diem
519 1815 598 1865 custos
615 1816 799 1885 Erymanthidos
815 1816 904 1875 Ursas

298 1888 347 1937 Aut
365 1888 461 1956 Hyadas
480 1886 546 1939 saevis
561 1902 664 1941 auxerat
680 1888 765 1939 Auster
780 1889 857 1954 aquis.

259 1960 328 2026 Saepe
343 1962 414 2015 maris
427 1978 481 2028 pars
494 1962 558 2013 intus
575 1975 648 2022 erat3
666 1973 744 2012 tamen
758 1961 808 2027 ipse
824 1961 939 2011 trementi

295 2032 407 2085 Carmina
424 2035 541 2085 ducebam
555 2036 736 2103 qualiacumque
752 2050 833 2087 manu.

257 2104 329 2155 Nunc
343 2124 441 2175 quoque
458 2111 567 2159 contenti
584 2109 683 2159 stridunt
694 2108 816 2174 Aquilone
832 2108 968 2165 rudentes,

214 2192 248 2227 20
296 2178 372 2245 inque
388 2181 487 2232 modurn
500 2184 585 2231 tumuli
600 2198 706 2232 concava
722 2181 872 2248 surgit·aqua
883 2197 904 2251 3.

256 2250 310 2317 lpse
326 2255 473 2320 gubernator
488 2255 578 2305 tollens
591 2254 623 2303 ad
638 2253 715 2303 sidera
731 2255 821 2319 palmas

295 2324 410 2391 Exposcit
426 2329 510 2386 votis..
527 2327 652 2379 immemor
667 2326 744 2384 artis,
763 2342 844 2393 opem.

257 2394 421 2465 Quocumque
435 2400 543 2465 aspicio,
560 2401 619 2449 nihil
633 2399 684 2458 est,
703 2399 749 2448 nisi
763 2400 848 2451 mortis
864 2396 942 2463 imago
954 2414 966 2455 ς

295 2469 374 2534 Quam
390 2472 461 2521 dubii
475 2473 550 2523 timeo
565 2485 664 2535 mente„
685 2472 821 2539 timensque
837 2486 933 2537 precor.

213 2553 245 2600 25
259 2540 374 2608 Attigero
389 2557 504 2610 portum,
522 2543 595 2610 port'u
609 2546 721 2595 terrebor
737 2547 766 2593 ab
782 2544 843 2611 ipso.

293 2613 439 2681 Plushabet
453 2617 536 2667 infessi
550 2631 615 2669 terra
632 2618 724 2667 timoris
738 2618 808 2683 aqui.

256 2688 319 2737 Nam
333 2688 402 2740 simul
418 2689 508 2757 insidiis
523 2690 789 2757 homiuum'pelagique
807 2691 913 2751 laboro,

293 2759 325 2809 Et
339 2761 431 2811 faciunt
447 2763 556 2829 geminos
572 2766 637 2815 ensis
654 2763 756 2813 &unda
773 2773 860 2811 metus.

255 2832 301 2888 lile
315 2850 371 2884 meo
387 2850 476 2885 vereor
493 2852 523 2885 ne
539 2837 620 2902 speret
636 2836 748 2901 sanguine
763 2834 892 2901 praedam,

212 2916 246 2969 30
294 2905 354 2957 Haec
372 2907 468 2961 titulum
483 2908 568 2963 nosirae
583 2909 667 2963 mortis
686 2908 774 2957 babere
791 2908 862 2957 velit.

254 2978 356 3029 Barbara
369 2996 424 3045 pars
439 2983 499 3031 laeva
517 2982 571 3041 esi,
590 2981 666 3033 avidae
682 2980 799 3031 succincta
815 2981 927 3046 rapinae,

179 3088 181 3092 ·
287 3050 370 3124 Qum
380 3070 470 3113 sruor,
488 3054 512 3128 ὃς
525 3058 603 3108 caedes
616 3090 623 3117 ‚
636 3055 746 3123 bellaque
758 3054 849 3121 semper
860 3054 960 3104 hahent.
977 3115 981 3125 .
