2367 3942
250 372 254 383 ⁸
317 392 371 484 46
412 390 453 459 P.
483 392 677 461 Ονιυιι
703 395 930 465 Nasonis

316 514 414 565 Interea
425 512 518 561 tunicas
531 510 574 561 uri
587 510 698 561 subducit
708 514 739 561 ab
754 512 819 563 ima:

355 586 495 635 Horrebant
507 584 586 634 densis
599 584 682 651 aspera
696 602 766 635 crura
779 586 843 651 pilis.

319 658 411 721 Cetera
421 669 556 708 tentantem
567 659 652 708 cubito
661 658 805 725 Tirynthius
814 660 888 711 beros

258 752 309 803 350
356 732 473 797 Reppulit
485 748 492 781 t
505 748 520 781 e
532 732 623 781 summu
634 732 725 782 decidit
735 733 778 781 ille
790 744 856 783 totu.

318 808 356 860 Fit
367 806 438 855 sunus
450 820 458 857 t
470 804 582 855 inclamat
596 806 718 863 comites,
732 804 759 855 bt
771 806 861 855 lumina
870 806 943 874 poscit

355 878 469 929 Maeonis.
486 879 562 929 lllatis
573 880 687 946 ignibus,
706 878 757 927 aila
771 892 866 944 patent.

317 954 363 1005 llle
374 952 452 1021 gemit
460 952 523 1002 lello
536 954 643 1021 graviter
653 952 763 1017 dejestus
773 954 804 1001 ab
815 954 884 1011 alto,

355 1026 514 1091 Membraque
527 1026 557 1075 de
569 1026 628 1075 dura
641 1025 683 1076 vis
694 1025 813 1076 sna-tollit
825 1026 908 1076 humo.

257 1116 287 1167 35
294 1117 306 1165 5
319 1098 394 1149 Ridet
406 1099 432 1149 δι
444 1098 562 1157 Alcides,
584 1099 611 1149 bt
620 1099 661 1165 qui
671 1099 754 1148 videre
768 1097 908 1164 jacentem,

352 1172 427 1222 Ridet
439 1183 570 1221 amatorem
583 1171 651 1238 Lyda
660 1174 742 1237 puella
755 1171 831 1223 suum.

316 1245 392 1301 Velle
403 1244 473 1295 Deus
487 1244 550 1295 lusus
561 1245 675 1294 fallentes
685 1245 774 1295 lumina
788 1246 867 1296 velles

353 1320 411 1369 Non
425 1331 488 1367 amat
499 1335 508 1376 ;
527 1318 552 1368 δι
564 1318 643 1367 nudos
652 1318 682 1368 ad
696 1318 736 1368 sua
747 1317 812 1369 sacra
825 1330 907 1369 vocat.

317 1392 388 1443 Adde
399 1393 533 1459 peregrine
545 1391 647 1447 causas,
662 1408 716 1441 mea
728 1389 814 1451 Mula,
833 1393 939 1443 Latinam
950 1410 960 1452 3

255 1468 307 1534 360
355 1468 430 1533 lnque
446 1465 488 1515 suo
502 1464 582 1516 nostes
592 1466 694 1531 pulvere
709 1478 789 1515 currat
804 1483 890 1533 equus.

318 1539 453 1605 Cornipedi
464 1540 546 1589 Fauno
557 1539 620 1590 caesi
631 1539 661 1590 de
672 1556 740 1590 more
751 1540 844 1605 capelli
854 1572 862 1598 ,

352 1614 431 1663 Venit
441 1612 470 1659 ad
481 1613 580 1677 exiguas
590 1614 660 1661 turba
672 1626 759 1661 vocata
771 1614 854 1679 dapes.

315 1687 430 1750 Dumque
441 1684 578 1733 sacerdotes
589 1685 695 1733 verubus
707 1684 813 1733 transuta
824 1686 918 1753 salignis

353 1758 414 1808 Exta
428 1766 531 1822 parant,
549 1754 640 1804 medias
652 1755 710 1804 Sole
720 1768 822 1807 tenente
833 1760 885 1808 vias
898 1776 907 1818 ;

255 1840 304 1907 365
315 1832 432 1884 Romulus
443 1862 451 1888 ,
471 1829 496 1879 dt
507 1828 580 1878 frater
591 1860 600 1885 ,
615 1827 785 1895 pastoralisque
795 1830 910 1897 juventus
921 1866 931 1891 ,

353 1905 448 1955 Solibus
461 1902 486 1953 bt
499 1918 583 1969 campo
595 1917 697 1968 corpora
709 1904 772 1953 nuda
784 1906 872 1955 dabant
884 1924 893 1963 ς

316 1977 432 2031 Caestibus
443 2010 450 2035 ,
468 1975 493 2026 δι
505 1974 609 2043 jaculis,
629 1978 654 2027 dt
664 1976 730 2028 missi
741 1980 850 2045 pondere
861 1978 909 2029 saxi
920 2012 929 2037 ,

350 2052 451 2103 Brachia
463 2067 507 2119 per
518 2051 581 2101 lusus
592 2050 740 2118 experienda
754 2054 851 2103 dabant.

315 2126 398 2178 Pastor
407 2128 437 2176 ab
449 2120 545 2174 eicelso‘
556 2141 565 2182 ;
583 2123 631 2174 Per
644 2126 714 2173 devia
726 2143 781 2173 rura
795 2124 935 2186 juvencos,

254 2220 305 2273 370
352 2198 456 2257 Romule
469 2230 476 2255 ,
487 2197 631 2264 praedones,
646 2197 731 2260 eripe,
748 2197 826 2253 dixit,
841 2208 926 2260 agunt.

314 2274 424 2340 Longum
435 2282 487 2321 erat
497 2268 583 2319 armari
593 2284 602 2319 ι
613 2267 714 2317 diversis
725 2269 775 2316 exit
785 2280 890 2331 uterque

348 2344 458 2397 Partibus
470 2358 477 2394 t
490 2341 587 2391 accursu
597 2340 677 2405 praeda
687 2352 786 2404 recepta
798 2338 877 2389 Remi.

314 2420 351 2472 Ut
359 2420 450 2476 rediit,
468 2416 574 2466 verubus
585 2412 705 2461 stridentia
720 2412 825 2462 detrabit
838 2421 914 2464 extas

349 2492 431 2558 Atque
442 2489 492 2546 ait,
510 2486 571 2535 Haec
585 2497 652 2533 certe
663 2502 713 2533 non
723 2484 768 2533 nisi
778 2483 856 2532 siclus
866 2481 939 2532 edet.

254 2584 302 2637 375
315 2564 385 2617 Diua
396 2564 473 2617 facit,
493 2559 607 2624 Fabiique
619 2558 698 2605 simul.
712 2558 789 2608 venit
800 2556 881 2605 irritus
892 2554 957 2606 illuc

301 2676 304 2683 .
347 2637 464 2687 Romulus
476 2667 483 2692 ,
501 2632 526 2683 bt
537 2631 628 2680 mensas
640 2630 735 2696 ollaque
747 2630 809 2678 nuda
823 2629 902 2677 videt.

311 2710 373 2765 Risit
385 2742 393 2768 ,
411 2704 551 2760 &indoluit
563 2704 649 2753 fabios
662 2701 765 2769 potuiffe
776 2703 932 2769 Remumque

347 2782 454 2837 Vincere
465 2797 473 2839 5
493 2776 638 2842 Quinssilios
648 2792 697 2826 non
707 2775 810 2840 potuisse
821 2776 885 2826 suos.

310 2858 381 2911 Fama
391 2866 472 2905 manet
482 2850 537 2901 faui
547 2866 555 2901 ι
567 2851 649 2915 positu
658 2851 778 2899 velamine
790 2884 798 2909 ,
818 2860 922 2900 currunt
934 2866 945 2908 ς

250 2933 302 3000 380
348 2930 380 2981 Et
391 2943 521 2979 memorem
532 2924 618 2974 famam
629 2956 637 2982 ,
652 2922 718 2988 quod
727 2924 790 2972 bene
802 2925 875 2975 cessit
887 2958 895 2982 ,
915 2923 1015 2973 habet.

310 3002 420 3057 Forsitan
432 3002 457 3052 dt
468 3014 558 3067 quaeras
570 3031 577 3054 ,
596 3014 639 3047 cur
653 2998 684 3047 sit
696 2998 765 3047 locus
776 2998 816 3048 ille
827 2998 957 3064 Lupercal
969 3028 979 3054 ,

347 3076 442 3143 Quaeve
453 3074 516 3126 diem
525 3071 568 3123 tali
577 3072 677 3123 nomine
688 3072 756 3148 causa
766 3084 846 3126 nutet.

867 3266 882 3293 ὁ
