2367 3942
343 467 417 562 382
467 465 510 534 P.
538 462 731 532 Ονιυιι
759 463 996 534 Nasonis

339 587 444 651 thue,
457 600 501 649 per
516 585 622 633 alternos
636 580 701 630 undi
716 579 817 630 labente
835 585 969 643 recursus,

378 659 530 707 subtrahitur
545 655 624 721 presse
641 655 720 704 mollis
734 670 810 702 arena
826 657 906 720 pedi3

341 731 380 782 sic
393 746 435 781 tua
449 731 530 781 neseio
546 743 597 796 quo
613 728 706 793 semper
722 727 823 776 sottuna
841 727 982 796 liquescat,

377 804 500 870 Lapsaque
518 817 563 868 per
577 801 667 850 mediat
685 799 770 849 effluat
785 816 866 866 usque
883 818 981 852 manus.

279 892 330 939 425
342 876 428 942 thue
443 888 513 942 pater
530 875 608 925 solite
623 872 702 924 variet
716 884 814 922 mutare
828 872 945 941 figuras,

377 948 468 999 Plenus
484 947 622 998 menstruus
636 944 751 996 deliciare
767 946 846 996 seme.

340 1023 395 1072 Nec
413 1022 479 1087 dapis
495 1023 604 1071 humanae
619 1019 718 1068 subeant
731 1017 823 1069 saslidia
839 1035 847 1069 t
866 1018 968 1086 quique

377 1094 448 1144 Parte
464 1106 554 1160 potes,
568 1093 671 1160 Tydeus
686 1091 805 1156 temporis
823 1091 899 1157 hujus
917 1096 980 1142 eris.

330 1168 423 1233 'Atque
440 1167 529 1232 aliquid
546 1167 639 1223 facias,
656 1181 670 1212 a
684 1165 785 1229 vespere
801 1165 886 1215 rursus
901 1167 937 1216 ad
951 1179 1019 1217 ottus

279 1254 332 1304 430
381 1238 432 1289 Cur
446 1240 574 1288 exsiemati
590 1238 655 1287 Solis
668 1248 770 1304 agantur
786 1238 857 1302 equi.

341 1313 415 1363 Foeda
429 1312 559 1379 Lycaonia
572 1322 672 1377 repetes
687 1309 800 1358 convivia
813 1310 928 1369 mense,

377 1386 544 1451 Tentabisque
559 1385 607 1433 cibi
624 1383 709 1432 fallere
725 1382 810 1431 fraude
825 1382 928 1433 lovem.

342 1457 430 1524 Teque
446 1458 531 1523 aliquis
545 1457 627 1523 posito
639 1467 722 1506 tentet
734 1453 784 1504 vim
799 1457 909 1506 numinis
926 1470 1009 1525 optet

377 1531 518 1580 Tantalides
534 1542 562 1580 tu
579 1531 633 1586 sis,
650 1527 822 1593 Tere'idesque
840 1546 915 1595 puer.

279 1616 330 1666 435
344 1603 375 1652 Et
391 1615 434 1653 tua
451 1604 486 1653 sic
503 1605 565 1652 latos
580 1603 719 1669 spargantur
735 1601 843 1649 membra
861 1619 908 1667 per
925 1619 1017 1672 agros,

377 1677 511 1741 Tamquam
528 1692 581 1742 quae
599 1674 687 1740 patrias
704 1674 833 1723 detinuere
849 1676 916 1726 vias.

341 1745 402 1798 AEre
419 1748 524 1797 Perilleo
540 1764 615 1797 veros
631 1748 726 1796 imitere
741 1745 889 1811 juvencos,

378 1820 417 1869 Ad
430 1821 531 1869 sormam
544 1822 608 1868 tauri
622 1819 785 1869 conveniente
802 1818 876 1868 sono.

342 1893 408 1942 Utve
426 1891 496 1940 ferox
511 1890 636 1948 Phalaris,
654 1891 734 1957 lingui
750 1892 816 1956 prius
834 1892 895 1943 ense
911 1890 1025 1954 resena,

280 1981 333 2027 44ο
379 1964 453 2014 More
466 1964 556 2022 bovis,
576 1961 667 2029 Paphio
683 1964 775 2013 clausus
793 1965 818 2012 in
834 1981 887 2016 aere
903 1983 1003 2034 gemas.

343 2039 457 2104 Dumque
471 2037 551 2088 redire
568 2039 638 2087 voles
653 2036 698 2086 aevi
713 2038 821 2086 meliotis
838 2038 982 2100 ioannes,

377 2112 414 2161 Ut
428 2124 499 2161 vetus
513 2110 612 2159 Admeti
628 2110 748 2175 decipiare
764 2110 844 2158 socer.

342 2184 424 2250 Atque
439 2200 514 2251 eques
530 2183 554 2232 in
570 2183 643 2233 medii
658 2197 766 2248 mergare
781 2182 902 2249 voragine
919 2185 1003 2246 caeni,

218 2312 222 2322 ⁴
378 2257 518 2307 Dummodo
535 2257 584 2306 sint
598 2256 641 2305 sati
657 2254 752 2304 nomina
764 2256 831 2303 nulla
851 2256 900 2309 tui.

280 2344 330 2389 445
345 2329 425 2395 Atque
438 2329 531 2379 utinam
547 2345 652 2394 pereas,
669 2327 744 2377 veluti
760 2327 791 2376 de
809 2328 928 2382 dentibus
946 2331 997 2381 orti

378 2402 477 2451 Sidonii
492 2401 559 2467 jutis
576 2399 653 2467 Graja
667 2415 711 2466 per
725 2415 782 2449 arva
798 2415 884 2450 manu.

342 2474 373 2523 Et
388 2491 440 2538 quae
458 2473 587 2524 Penthides
602 2473 681 2530 feeit,
700 2473 822 2538 fraterque
840 2473 980 2536 Medusa,

376 2545 495 2596 Eveniant
513 2547 584 2611 capiti
598 2559 657 2594 vota
673 2545 762 2595 sinistra
777 2557 831 2594 tuo.

341 2619 373 2668 Et
388 2618 473 2682 quibus
490 2617 578 2686 exiguo
595 2619 701 2666 volucris
719 2618 808 2667 devota
823 2617 912 2669 libello
930 2620 968 2670 esl
977 2653 987 2680 ,

278 2705 331 2750 450
379 2690 490 2756 Corpora
504 2690 613 2757 proiesli
630 2706 683 2756 quae
698 2690 737 2740 sna
751 2702 838 2758 purgat
854 2707 930 2757 aqua.

340 2763 449 2812 Vulnera¹
465 2776 551 2828 totque
565 2763 647 2819 seras,
664 2775 724 2828 quot
739 2762 827 2812 dicitur
841 2761 886 2812 ille
901 2764 1008 2825 tulisse,

377 2833 454 2899 Cujus
470 2835 499 2884 ab
514 2834 605 2884 inseriis
622 2837 700 2885 culter
716 2834 792 2884 abesse
807 2834 882 2884 solet.

340 2907 514 2973 Attonitusque
533 2906 620 2962 seces,
637 2919 664 2956 nt
677 2900 739 2972 'quos
756 2907 878 2974 Cybeleia
893 2922 979 2963 mater

377 2980 484 3037 lncitat,
501 2980 531 3030 ad
547 2978 665 3046 Phrygios
680 2980 736 3029 vilia
751 2982 857 3030 membra
872 2983 977 3035 modos.

276 3063 328 3111 455
341 3050 431 3116 Deque
444 3052 497 3100 viro
513 3049 556 3100 lias
571 3067 618 3100 nec
632 3051 739 3110 femina,
758 3069 804 3102 nec
820 3053 877 3110 vir,
895 3068 925 3105 ut
940 3057 1032 3117 Attin

375 3123 408 3174 lit
424 3123 515 3192 quatias
530 3122 599 3172 molli
615 3135 727 3191 tympana
743 3141 816 3176 rauca
832 3142 917 3181 manu.
