2367 3942
275 399 347 489 196
387 397 429 468 P.
460 396 648 467 orrrm
674 401 905 474 NAsonrs

270 518 342 569 Talia
357 516 445 567 fumosi
459 516 574 567 luduntur
587 516 669 567 mense
684 516 837 581 Decembri;

307 590 370 656 Qua
386 590 474 641 mmno
489 590 549 640 nulli
564 588 719 657 composuisse
737 591 792 643 suit.
849 652 853 659 ,

269 662 315 715 His
331 679 381 731 ego
396 663 514 729 deceptus
531 680 580 713 non
597 662 669 713 tristia
686 665 791 714 carmina
808 665 879 727 seci;

306 737 355 787 Sed
370 736 441 787 tristis
455 736 550 787 nostros
564 751 638 802 poena
653 736 735 786 secuta
750 736 832 803 jocos.

158 864 171 887 ο
207 825 241 875 49
246 826 258 873 5
271 808 386 874 Denique
401 826 448 859 nec
464 810 539 860 video
555 809 587 859 de
602 820 642 859 tot
656 809 815 861 scribentibus
831 828 925 875 unum,
1001 814 1007 831 ⁸

307 882 388 947 Quem
405 882 445 932 sua
460 881 593 949 perdiderit
608 881 679 932 Musa
690 896 822 948 :repertus
838 902 897 954 ego.

257 952 360 1020 ,Quidt
378 953 400 1007 sl
412 954 549 1023 scripsissem
564 953 670 1013 mimos,
689 955 794 1006 obscena
811 957 944 1023 jocantes,

250 1046 254 1053 ·
306 1027 357 1092 Qui
370 1027 464 1094 semper
481 1028 551 1080 vetiti
571 1029 663 1079 crimen
678 1028 766 1079 amoris
783 1030 896 1083 babent?

271 1102 300 1151 ln
318 1100 404 1167 quibus
416 1100 512 1153 assidue
528 1102 608 1153 cultus
622 1101 734 1167 procedit
750 1102 865 1163 adulter;

209 1189 261 1238 500
307 1176 439 1242 Verbaque
452 1175 494 1225 dat
511 1173 583 1224 slulto
596 1174 682 1223 callida
699 1188 773 1241 nupta
790 1176 853 1227 viro.

268 1248 364 1300 Nubilis
375 1248 420 1298 hos
433 1248 522 1314 virgo,
538 1260 696 1313 matronaque
708 1280 715 1305 ,
733 1247 818 1314 virque
830 1282 837 1305 ,
853 1266 982 1319 puerque,

306 1318 403 1385 spectet
416 1336 423 1370 ε
438 1320 464 1370 &
481 1336 496 1369 e
512 1336 597 1387 magna
611 1332 680 1385 parte
699 1320 803 1371 Senatus
820 1322 894 1373 adest.

270 1394 325 1445 Nec
341 1392 396 1446 satis
412 1390 506 1443 incestis
521 1392 636 1442 temerari
653 1393 755 1444 vocibus
770 1410 861 1455 auten

306 1464 448 1516 Assuescunt
464 1465 531 1517 oculi
543 1466 619 1515 multa
634 1465 748 1531 pudenda
764 1467 823 1531 pati.

211 1554 259 1603 505
273 1538 385 1605 Cquue
399 1537 489 1590 sesellir
504 1554 585 1589 amans
602 1538 682 1605 aliqua
697 1539 808 1590 novitate
825 1537 954 1603 maritum,

223 1604 227 1610 ’
307 1609 430 1663 Plauditur
439 1630 448 1671 ι
467 1612 494 1664 dt
507 1628 595 1680 magno
611 1613 688 1677 palma
704 1612 788 1662 favore
805 1613 884 1665 datur.

271 1681 377 1751 Quique
391 1686 468 1736 minus
484 1684 600 1751 prodest,
617 1700 689 1750 poena
703 1684 736 1735 est
753 1686 846 1735 lucrosa
861 1688 964 1752 po'c'taes

308 1757 435 1823 Tantaque
449 1774 500 1807 non
514 1773 591 1823 parvo
608 1758 705 1809 crimina
721 1756 815 1807 Praetor
830 1761 897 1810 emit.

272 1830 365 1894 lnspice
381 1830 491 1880 ludorum
507 1829 616 1890 sumtus,
631 1828 756 1897 Auguste,
772 1841 890 1891 tuorum3

213 1918 264 1966 510
312 1902 381 1952 limta
395 1903 439 1953 tibi
454 1920 542 1971 magno
556 1904 615 1955 talia
631 1905 705 1953 multa
721 1902 798 1970 leges.

273 1974 334 2026 Haec
351 1989 379 2026 tu
393 1975 518 2045 speffiffi,
537 1976 711 2044 spesiandaque
727 1975 788 2042 saepe
806 1974 909 2031 dedisti:

309 2048 424 2114 Maiestas
439 2048 502 2101 adei>
517 2050 594 2102 comis
608 2050 696 2117 ubique
712 2062 754 2100 tua
769 2047 812 2100 est.

274 2122 462 2189 Luminibusque
477 2124 546 2183 tuis,
563 2136 630 2175 totus
646 2125 729 2189 quibus
745 2124 834 2173 utimur
847 2119 931 2182 orbis,

311 2194 411 2245 Scenica
427 2196 504 2262 vidisti
520 2198 600 2246 lentus
616 2194 743 2243 adulteria.

215 2282 264 2330 515
278 2268 389 2319 Scribere
405 2268 425 2318 si
438 2268 474 2318 sas
487 2267 521 2317 est
536 2268 657 2317 imitantes
670 2264 750 2333 turpia
766 2265 873 2327 mimos,

311 2339 423 2390 Materiae
437 2341 514 2389 minor
528 2339 562 2389 eli
578 2339 660 2388 debita
674 2354 746 2403 poena
760 2354 831 2389 meae.

276 2412 315 2463 An
332 2428 408 2478 genus
424 2411 471 2460 boc
486 2410 568 2476 scripti
583 2410 674 2459 faciunt
689 2409 728 2459 sua
744 2411 836 2475 pulpita
852 2406 931 2463 tutum
944 2426 954 2473 ς

313 2483 435 2548 Quodque
451 2482 529 2540 libet,
549 2482 626 2531 mimis
642 2480 712 2551 scena
728 2481 802 2533 licere
820 2482 910 2535 dediti

276 2556 311 2614 Et
321 2572 375 2605 mea
389 2554 441 2605 sunt
457 2556 549 2620 populo
563 2554 646 2604 saltata
661 2552 774 2621 po'e'mats
789 2552 870 2623 sepe5

217 2644 268 2694 520
315 2628 385 2694 Saepe
398 2626 485 2679 oculos
500 2626 571 2677 etiam
584 2627 712 2679 detinuere
726 2640 792 2679 tuos.

277 2700 396 2759 Scilicet,
411 2701 437 2749 in
451 2699 561 2751 domibus
576 2700 677 2761 velitis,
694 2712 722 2751 ut
736 2702 813 2768 prisca
827 2701 932 2753 vitonum
948 2739 956 2764 ‚

303 2772 409 2830 ‘artifici
422 2774 517 2841 fulgent
532 2790 635 2839 corpora
651 2774 712 2837 pisia
727 2790 818 2834 manu5

277 2846 317 2898 Sic
331 2864 385 2914 que
400 2846 542 2897 concubitus
555 2847 635 2897 varios
650 2848 803 2914 Venerisque
817 2846 904 2915 figuras

314 2920 454 2987 Exprimat,
469 2918 503 2970 eb
518 2918 599 2986 aliquo
613 2935 687 2985 parva
703 2921 792 2970 tabella
808 2922 873 2971 loco.

218 3008 266 3059 525
278 2994 362 3060 thue
378 2994 446 3043 sedet
459 2994 530 3043 vultu
543 2991 613 3043 salsus
627 2992 784 3044 Telamonius
801 2994 878 3051 iram.

312 3068 388 3135 Inque
404 3064 482 3121 oculis
499 3066 591 3119 facinus
608 3067 706 3119 barbata
722 3078 799 3118 mater
815 3068 907 3119 hahet:
