2367 3942
255 449 789 521 firmissumus.
843 454 891 545 87

183 571 238 621 Hoc
253 585 323 637 pater
334 570 421 620 iliades
434 604 442 629 ,
459 567 513 619 crim
528 563 628 637 longum
642 567 758 619 scriberet
769 587 875 632 annum,

219 645 288 696 Vidit
300 661 309 702 ;
326 644 352 695 dt
364 644 474 693 ausiores
488 644 571 693 retulit
585 641 634 708 ipse
650 641 714 692 suos.

154 764 159 772 ,
184 719 266 783 thue
282 718 337 787 sepo
352 718 427 767 Marti
441 717 540 783 primam
556 716 624 765 dedit
639 715 724 764 ordine
738 714 846 775 sortem,
902 733 935 782 25

218 790 295 854 Quod
311 790 356 839 sibi
371 790 478 841 nascenti
490 790 599 856 proxima
612 787 681 837 causa
696 789 763 848 fuit;

158 904 160 907 .
182 863 220 914 sic
236 862 363 916 Venerem
379 865 490 931 gradibus
502 864 583 913 multis
600 862 624 911 in
639 874 711 929 gente
726 876 847 930 repertam

217 936 329 986 Alterius
344 938 423 986 voluit
438 937 525 986 mensis
542 937 633 986 habere
649 937 739 987 locum.

182 1008 378 1077 Principiumque
393 1010 426 1060 sui
440 1010 557 1079 generis,
574 1010 734 1077 revolutaque
748 1026 859 1076 querens

217 1082 326 1141 Secula,
345 1093 461 1151 cognatos
476 1084 546 1133 venit
561 1083 591 1133 ad
608 1099 685 1149 usque
700 1083 781 1134 Deos.
904 1095 938 1149 30

182 1154 314 1206 Dardanon
327 1156 422 1206 Eleslri
435 1158 540 1207 nesciret
550 1156 677 1206 Atlantide
689 1168 783 1206 cretum

216 1228 337 1279 Scilicet?
354 1230 465 1281 Elesiran
480 1228 636 1280 concubuisse
646 1228 703 1281 lovi
716 1228 727 1279 i

182 1300 259 1369 Hujus
275 1303 446 1355 Erichthonius
459 1304 545 1355 :Tros
559 1303 592 1353 esi
609 1316 738 1370 generatus
751 1304 782 1351 ab
796 1302 859 1361 i1103

216 1376 345 1426 Assaracon
362 1388 428 1427 creat
444 1378 504 1435 hic,
524 1376 698 1443 Assaracusque
714 1375 811 1442 Capyn.

181 1444 303 1500 Proximus
317 1449 462 1505 Anchisen,
480 1466 534 1498 eum
549 1447 598 1515 quo
614 1464 741 1498 commune
756 1448 864 1513 parentis
902 1460 916 1511 3
922 1462 935 1509 5

215 1522 271 1572 Non
287 1523 417 1589 dedignata
432 1521 466 1571 est
479 1538 569 1569 nomen
582 1522 672 1570 babere
687 1522 784 1574 Venus.

181 1590 241 1644 Hinc
257 1596 322 1645 satus
339 1592 449 1653 AEneas‚
468 1594 547 1661 pietas
564 1592 669 1659 spestata
685 1608 730 1659 per
743 1594 832 1659 ignes,

214 1669 309 1727 Sacra,
327 1680 470 1734 patremque
484 1667 589 1717 humeris
598 1696 616 1723 ,·
626 1667 702 1716 altera
717 1666 781 1716 satra
793 1699 801 1725 ‚
817 1664 884 1715 tulit.

179 1740 296 1791 Venimus
311 1740 343 1790 ad
357 1740 417 1791 felix
433 1741 560 1807 aliquando
575 1757 664 1791 nomen
679 1738 745 1799 liitt3
807 1740 815 1754 ⁰

212 1814 287 1865 Unde
303 1815 389 1865 domus
403 1814 514 1866 Teucros
530 1814 592 1867 iulia
609 1812 687 1883 tangit
702 1830 771 1864 avos.
900 1828 935 1873 40

180 1884 300 1937 Postumus
314 1889 390 1947 huic,
408 1889 450 1955 qui
462 1889 553 1954 ,quud
567 1888 633 1939 silvis
643 1888 690 1938 fuit
704 1900 773 1939 ortus
786 1885 812 1935 in
825 1884 898 1944 altis,

213 1962 301 2011 Silvius
318 1962 344 2011 in
359 1962 429 2011 Latia
446 1975 519 2028 gente
535 1975 638 2011 vocatus
654 1972 717 2010 erat.

179 2032 266 2100 isque,
286 2032 372 2084 Latine
384 2066 392 2091 ,
412 2034 455 2083 tibi
466 2046 536 2099 pater
550 2034 583 2083 eil
595 2048 603 2083 a
616 2033 677 2081 subit
687 2033 751 2082 Alba
761 2031 872 2081 Latinum
884 2048 894 2089 ;

212 2106 342 2158 Proximus
360 2106 394 2155 est
409 2106 485 2155 titulis
496 2106 602 2172 Epiros,
621 2104 704 2163 Alba,
721 2105 782 2155 tuis.

179 2178 221 2229 llle
238 2180 308 2231 dedit
321 2177 401 2247 Capyi
416 2179 525 2228 recidiva
537 2179 658 2228 vocabula
670 2176 775 2245 Trojae5
901 2192 934 2241 45

213 2254 243 2303 Et
258 2266 317 2303 tuus
335 2252 368 2302 est
383 2252 466 2313 idem,
486 2252 611 2318 Calpete,
629 2251 706 2303 sallus
722 2269 791 2303 avus.

182 2326 291 2393 Cumque
301 2327 377 2393 patris
387 2342 488 2394 regnum
498 2326 549 2393 post
561 2327 626 2376 hunc
637 2326 768 2377 Tiberinus
778 2326 880 2376 liaberet
891 2357 899 2384 ,

212 2400 311 2449 Dicitur
324 2400 349 2449 in
362 2400 466 2450 Thuscae
481 2401 577 2468 gurgite
591 2399 681 2450 mersus
698 2416 775 2467 aque.

178 2469 228 2521 Jam
239 2484 321 2523 tamen
330 2473 454 2541 Agrippan
465 2475 588 2540 genitum,
604 2472 780 2539 Remulumque
791 2483 907 2539 nepotem

213 2546 316 2597 Viderat
328 2562 337 2596 a
349 2548 374 2595 in
388 2546 517 2597 Remulum
533 2548 633 2598 fulmina
646 2546 709 2597 misia
722 2547 814 2597 serunt.
900 2553 936 2611 '50

178 2618 255 2669 Venit
269 2618 403 2670 Aventinus
419 2619 472 2687 poli
488 2621 533 2671 h'os
545 2636 553 2671 a
565 2622 635 2670 locus
651 2621 716 2671 unde
729 2631 854 2676 vocatus,

214 2692 292 2743 Mons
303 2709 399 2760 quoque
412 2709 419 2743 :
432 2694 484 2760 poss
496 2695 562 2743 illum
575 2694 662 2743 tradita
671 2704 746 2762 regna
757 2692 852 2743 Procae.

178 2762 260 2827 Quem
275 2766 380 2833 sequitur
395 2768 439 2817 diri
449 2767 565 2817 Numitor
580 2784 706 2835 germanus
717 2766 808 2817 Amuli.

214 2838 258 2888 ilia
269 2839 328 2889 'cum
341 2840 418 2890 Lauso
435 2840 466 2890 de
481 2841 610 2891 Numitore
627 2841 680 2891 sati.

178 2910 322 2981 Ense'cadit
337 2926 423 2979 patruo
433 2914 523 2964 Lausus
536 2931 544 2965 τ
556 2915 639 2980 placet
654 2914 699 2963 ilia
713 2912 810 2967 Marti;
901 2924 934 2975 55

214 2984 304 3052 Teque
319 2986 398 3050 parit,
417 2988 514 3054 gemino
528 2987 609 3052 juntie
625 2986 729 3049 Quirine
743 2984 831 3034 Remo.

160 3090 163 3097 -
179 3054 223 3105 llle
240 3058 295 3107 suos
311 3058 404 3123 semper
416 3062 541 3111 Venerem
555 3060 710 3125 Martemque
724 3068 840 3123 parentes
907 3081 911 3087 ’

214 3128 306 3191 Dixit,
325 3132 351 3183 δι
368 3134 471 3185 emeruit
484 3135 552 3185 rucis
567 3134 657 3183 habere
673 3132 755 3182 fidem.
