2367 3942
981 322 986 343 i

104 570 108 591 f
196 480 202 484 ’
248 456 250 463 ,
288 452 579 565 Fasronunr
608 456 825 569 erslll.
877 499 927 589 69

220 608 304 678 Eeraa
314 616 362 673 est
374 632 427 682 quae
438 616 531 681 praebet
541 630 630 682 aquas
642 617 698 667 Dea
708 632 775 685 grata
787 618 911 672 Camenis
938 635 987 684 275

255 686 296 736 illa
311 690 399 738 Numae
418 687 529 753 conjux,
550 690 743 755 consiliumque,
762 691 817 740 suit.
904 736 914 747 ,

131 802 141 822 Α,
219 752 376 825 Principio
353 759 450 811 nrmidna
464 774 573 845 promtus
589 762 620 812 ad
633 763 697 811 belia
711 762 821 826 Quirites

251 832 349 882 Molliri
365 835 477 899 placuit‘
468 850 542 901 jure,
560 835 690 901 Deumque
707 847 783 887 metu.
890 831 892 834 ¹

109 922 111 935 ¹
216 901 277 954 inde
293 906 358 955 datae
373 908 459 973 leges,
477 925 508 957 ne
522 906 615 957 firmior
628 908 709 957 omnia
724 908 822 974 poiset3
908 950 914 962 .

253 978 397 1044 Coeptaque
406 981 458 1029 sunt
473 997 532 1045 pure
545 982 634 1031 tradita
650 980 717 1030 sacra
731 982 790 1032 coli.
936 981 990 1033 280
1055 1037 1058 1043 ,

215 1046 320 1101 Eruitur
337 1052 436 1113 feritas,
454 1053 571 1121 armisque
586 1053 711 1120 potentius
726 1070 820 1121 aequum
836 1051 891 1114 ed·

252 1124 285 1175 Et
303 1141 357 1174 cum
373 1126 426 1175 cive
440 1128 515 1191 pudet
529 1125 673 1177 conseruiffe
688 1133 782 1178 manus.

163 1259 166 1265 Ι
216 1193 299 1262 Atque
316 1198 419 1263 aliquis,
436 1199 509 1252 modd
525 1213 602 1259 trus,
621 1198 673 1249 visi
687 1180 736 1267 jam
751 1199 853 1253 vertitur
867 1200 929 1262 urit
1001 1223 1004 1228 ¹

252 1272 368 1337 Vinaque
386 1272 426 1321 dat
441 1274 530 1339 tepidis
547 1273 651 1339 salsaque
667 1274 730 1323 farra
746 1274 817 1323 focis.

217 1340 283 1399 Ecce
298 1344 380 1395 Derim
396 1346 493 1412 genitor
509 1346 594 1395 rutilas
606 1363 651 1411 per
666 1347 746 1395 nubila
760 1346 865 1400 flammas
938 1344 989 1409 285

245 1416 380 1487 Spargit
391 1420 417 1469 δι
432 1417 513 1469 effusis
529 1420 620 1469 aethera
633 1419 709 1469 siccat
725 1419 804 1484 aquis.

114 1486 121 1514 ³¹
217 1485 275 1539 Non
290 1490 349 1539 aliis
362 1491 427 1540 missi
442 1491 553 1541 cecidere
570 1490 743 1556 frequentius'
735 1508 814 1557 ignes.

252 1562 310 1611 Rex
324 1574 416 1627 pavet,
435 1563 461 1612 δι
476 1563 542 1627 vulgi
556 1563 654 1626 pedore
669 1574 751 1611 terror
765 1563 848 1611 habet.

216 1630 266 1684 Cui
283 1635 362 1692 Dea,
379 1636 419 1684 Ne
436 1634 533 1683 nimium
550 1634 643 1682 terrere
657 1633 764 1698 :piabile
777 1634 869 1684 fulmen

164 1702 166 1707 ’
252 1706 314 1765 Est,
333 1706 495 1757 ait:&saevi
510 1704 614 1755 uertitur
628 1706 664 1755 ira
679 1704 756 1757 iovis.
939 1720 992 1772 290

214 1778 265 1829 Sed
283 1788 404 1847 poterunt
417 1772 489 1829 ritum
502 1777 574 1829 Picus
588 1780 731 1847 Faunusque
745 1778 826 1845 piandi
905 1840 908 1847 Ι

252 1851 366 1903 Prodere
377 1868 385 1902 a
396 1852 498 1903 Romani
514 1869 604 1902 numen
619 1865 722 1919 uterque
739 1852 792 1903 soli.

215 1923 272 1973 Nec
288 1925 341 1975 sine
356 1925 381 1975 vi
393 1927 506 1976 tradent:
521 1926 636 1978 adhibeto
650 1926 746 1975 vincula
762 1924 849 1992 captis.

253 1996 340 2064 Atque
357 1998 409 2057 ita,
427 1998 474 2065 qui
488 1999 602 2064 possint,
621 1999 720 2057 erudit,
735 2011 788 2049 arte
803 1997 866 2062 capi.

166 2072 171 2078 “
213 2066 300 2118 Lucus
315 2068 440 2121 Aventino
456 2072 568 2128 suberat,
585 2071 654 2135 niger
668 2070 730 2119 ilicis
745 2070 847 2128 umbri,
940 2082 991 2134 295

254 2141 316 2207 Quo
332 2142 411 2208 posses
427 2143 478 2192 viso
494 2142 596 2198 dicere,
613 2142 711 2190 Numen
725 2140 794 2189 inest.

117 2274 120 2284 ⁸
215 2212 243 2263 in
254 2214 346 2265 medio
360 2229 477 2280 gramen,
496 2212 627 2277 muscoque
641 2212 759 2277 adoperta
772 2209 871 2265 virenti.

251 2287 377 2339 Manabat
392 2282 449 2337 saxo
465 2302 527 2337 vena
543 2284 657 2351 perennis
673 2301 752 2351 aquae.

216 2358 278 2410 inde
296 2358 350 2409 fere
366 2358 410 2410 soli
426 2360 522 2411 Faunus
538 2358 659 2425 Picusque
674 2357 797 2408 bibebant.

254 2432 315 2483 Huc
332 2433 419 2492 venit,
437 2432 463 2483 δι
475 2431 547 2483 Fonti
558 2448 603 2481 rex
614 2432 693 2481 Numa
709 2429 795 2479 mattae
811 2445 894 2484 ovem.
941 2440 995 2498 300

214 2501 346 2572 Plenaque
362 2506 458 2557 odorati
470 2504 517 2555 Dis
532 2504 602 2573 ponit
617 2504 707 2574 pocula
722 2502 832 2561 Bacchi3

258 2577 374 2645 Cumque
390 2579 437 2629 suis
450 2592 522 2630 antro
539 2576 652 2628 conditus
668 2575 718 2642 ipse
735 2578 806 2628 latet.

212 2649 259 2713 ,Au
276 2650 364 2701 solitos
379 2652 480 2703 veniunt
496 2650 610 2703 silvestria
624 2648 721 2700 numina
737 2649 839 2710 fontes,

256 2723 292 2772 Et
308 2724 418 2775 relevant
431 2726 509 2776 multo
523 2723 622 2789 pedora
638 2722 702 2772 sicca
717 2740 796 2774 mero.

117 2790 120 2820 ³
215 2795 287 2851 Vina
299 2796 367 2861 quies
378 2797 504 2865 sequitur.
496 2814 503 2828 ·
516 2796 598 2865 gelido
608 2796 687 2845 Numa
696 2795 778 2862 prodit
787 2797 817 2845 ab
828 2807 898 2846 antro
908 2814 927 2857 ,a
943 2806 995 2861 305

256 2869 399 2937 Vinclaque
413 2872 501 2937 sopitas
517 2868 605 2919 addit
598 2886 623 2917 m
636 2868 700 2918 arria
716 2886 808 2921 manus

211 2942 330 2993 Somnus
344 2954 372 2991 ut
387 2942 520 3002 abscessit,
539 2940 658 2993 tentando
674 2940 769 2991 vincula
784 2953 892 3009 pugnant

254 3016 406 3078 Rumpere:
417 3028 551 3081 pugnantes
564 3011 652 3071 fortiis
667 3013 708 3063 ilia
722 3026 828 3072 tenent,

211 3086 287 3139 :Tum
299 3088 402 3145 Numa,
420 3086 607 3151 Dinemorum,
625 3084 693 3135 fadis
703 3084 821 3151 ignoscite
832 3084 937 3147 nostris,

254 3160 285 3215 si
302 3159 404 3215 scelus
397 3160 496 3231 ingenio
510 3156 573 3217 scitis
588 3156 667 3215 abeffr
680 3175 773 3215 mco.
947 3168 1002 3224 310
1031 3146 1051 3180 ·’
