2367 3942
257 434 564 514 Fastorum
590 436 701 507 Lra.
730 442 769 507 V.
823 454 895 530 125

188 559 257 611 illN
265 560 288 609 C
300 559 342 608 ubi
352 558 482 623 protulerit
492 556 595 607 formosa
606 568 645 607 ter
655 554 778 621 Hesperus
790 574 832 609 ora
842 590 851 615 ,

222 634 274 683 Ter
291 632 404 681 dederint
414 629 507 679 Phoebo
521 630 599 679 sidera
615 628 677 678 vifla
690 630 769 681 locum
781 647 790 690 3
852 664 854 671 ι
905 643 960 690 420
1014 684 1016 689 .

189 705 255 755 Ritus
272 704 322 754 erit
335 703 426 753 veteris
441 702 557 752 nosfurna
567 702 680 752 Lemuria
695 702 775 753 sacri:

224 778 326 827 Inferias
343 776 423 826 tacitis
440 774 553 825 Manibus
570 775 612 829 illa
629 775 728 825 dabunt.

100 861 101 872 ¹
191 850 272 901 Annus
290 861 344 899 erat
355 848 471 905 brevior,
489 864 536 898 nec
552 848 629 897 adhuc
644 848 683 911 pia
694 848 787 897 Februa
798 859 885 899 norant
893 863 903 907 3

225 914 279 972 Nec
295 933 322 971 tu
340 921 389 970 dux
404 920 532 980 mensum,
549 919 611 971 ‚lane
625 920 751 979 biformis,
771 937 834 971 eras.

192 994 241 1047 Jam
256 1006 337 1045 tamen
354 991 467 1043 exstinsio
485 993 560 1043 cineri
577 992 695 1043 furdona
711 992 824 1053 serebat,
904 1006 957 1055 425

226 1066 410 1133 Compositique
426 1082 504 1133 nepos
522 1065 586 1116 busla
603 1065 682 1131 piabat
697 1067 744 1115 avi.

192 1139 283 1190 Mensis
300 1151 353 1189 erat
368 1137 470 1206 Majus,
489 1138 606 1206 majorum
620 1140 716 1189 nomine
733 1138 827 1198 dislus,

227 1212 277 1275 Qui
292 1225 385 1277 partem
402 1213 473 1278 prisci
490 1228 553 1261 nunc
569 1226 672 1279 quoque
682 1213 753 1263 muris
770 1214 851 1263 haber.

126 1324 130 1334 .
193 1285 304 1336 Noxubi
320 1284 369 1351 jam
382 1285 462 1335 media
479 1285 530 1342 est,
550 1285 680 1351 somnoque
695 1286 788 1335 silentia
803 1285 915 1352 praebet3
991 1310 995 1317 ·

144 1407 149 1413 ,
227 1358 258 1408 Et
272 1358 358 1417 canis,
379 1358 405 1409 δι
420 1356 492 1407 variar
509 1357 656 1407 conticuistis
674 1374 753 1415 erest
907 1370 960 1421 430

193 1430 235 1481 llle
251 1447 344 1481 memor
357 1430 450 1480 veteris
465 1430 544 1487 ritus,
561 1430 707 1493 timidusque
723 1430 853 1489 Deorum,

228 1504 327 1571 Surgit:
341 1505 433 1553 habent
449 1502 538 1569 gemini
554 1502 651 1550 vincula
666 1502 730 1549 nulla
746 1502 829 1567 pedes.

194 1573 313 1644 Signaque
330 1576 370 1625 dat
387 1575 472 1642 digitis
488 1572 569 1623 medio
585 1590 638 1623 cum
655 1574 744 1639 pollice
760 1572 865 1640 junslis,

200 1663 202 1666 ·
229 1648 349 1701 Occurrat
366 1648 445 1699 tacito
461 1663 492 1696 ne
505 1646 566 1696 levis
582 1648 666 1697 umbra
681 1646 734 1697 sibi.
809 1686 810 1691 ,

195 1720 291 1788 Terque
308 1738 391 1772 manus
410 1737 482 1788 puras
499 1716 597 1771 fontani
612 1719 702 1787 proluit
716 1718 799 1780 undd5
909 1733 960 1787 435

129 1789 133 1797 ’
230 1795 360 1855 Vertitur,
379 1795 406 1845 ὃ(
420 1795 501 1861 nigras
516 1795 604 1861 accipit
619 1811 663 1844 ore
679 1794 754 1847 fabas.

195 1866 346 1935 Aversusque
361 1867 421 1934 jacit
435 1883 443 1918 a
456 1866 496 1917 sed
511 1868 566 1917 dum
583 1868 661 1934 jacit,
680 1868 742 1917 Haee
757 1884 804 1935 ego
818 1866 909 1927 mitto,

231 1940 294 2000 His,
314 1940 411 2007 inquit,
429 1940 523 1990 redimo
536 1956 624 2005 meque
640 1956 755 2005 meosque
769 1940 839 1991 fabis.

196 2011 251 2063 Hoc
265 2014 351 2064 novies
369 2013 446 2070 dicit,
464 2029 510 2062 nec
526 2012 623 2077 respicit
636 2027 644 2061 r
658 2013 740 2065 umbra
755 2025 853 2077 putatur

232 2086 375 2153 Colligere,
396 2086 423 2135 dt
440 2086 508 2134 nullo
525 2096 594 2150 terga
610 2083 709 2134 vidente
726 2083 802 2148 sequi.
911 2098 969 2148 440,

195 2157 283 2209 Rursus
299 2158 362 2225 aqud
376 2158 474 2224 tangit,
491 2156 662 2223 Temesacaque
677 2167 808 2223 concrepat
824 2172 893 2216 πτας

232 2231 262 2283 Et
277 2243 350 2299 rogat
362 2238 389 2279 ut
404 2230 472 2279 teslis
490 2242 563 2281 exeat
576 2230 659 2279 umbra
676 2230 731 2281 suis.

102 2321 105 2325 ⁴
196 2301 258 2353 cum
274 2303 337 2355 dixit
351 2302 456 2362 novies,
472 2302 559 2353 Manes
575 2302 641 2353 erite
657 2301 769 2368 paterni,

128 2430 130 2434 ,
232 2375 359 2441 Respicit,
379 2375 405 2425 &
419 2374 479 2440 puri
495 2376 560 2428 sacra
576 2376 671 2442 peratla
685 2387 764 2441 putat.
791 2426 794 2435 ,

196 2449 268 2499 Disla
285 2449 317 2497 sit
333 2446 397 2497 unde
414 2449 486 2507 dies,
505 2466 558 2515 quae
573 2448 676 2499 nominis
693 2448 768 2499 exstet
785 2446 874 2517 origo,
911 2458 963 2511 445

233 2521 278 2570 Me
292 2520 354 2587 sugit
366 2535 375 2587 ς
388 2536 420 2570 ex
433 2521 513 2586 aliquo
527 2520 561 2571 est
577 2521 722 2571 invenienda
736 2522 804 2573 Deo.

195 2592 297 2659 Pleiade
308 2605 385 2650 nate,
401 2609 493 2650 mone,
507 2593 576 2661 virgi
585 2594 724 2643 venerande
737 2594 852 2661 potenti;

233 2666 303 2731 Saepe
319 2666 364 2715 tibi
380 2666 459 2736 Stygii
476 2668 543 2733 regia
557 2666 605 2715 visa
621 2666 699 2717 Jovis.
774 2720 777 2723 ,

191 2738 276 2792 Venit
292 2738 407 2787 odoratus
427 2738 579 2788 Caducifer:
594 2738 686 2805 Accipe
703 2739 796 2789 causam

232 2811 355 2861 Nominis.
372 2808 409 2860 Ex
420 2811 471 2877 ipso
489 2811 586 2879 cognita
603 2812 671 2863 causa
685 2812 744 2863 Deo
761 2812 803 2861 esi.
913 2822 967 2874 450

190 2883 314 2935 Romulus
331 2894 359 2931 ut
375 2885 468 2933 tumulo
480 2884 597 2934 fraternas
613 2884 721 2935 condidit
737 2886 850 2943 umbras,
936 2917 939 2924 -

234 2956 267 3005 Et
283 2953 346 3004 male
361 2956 441 3005 veloci
456 2954 515 3022 justa
531 2956 607 3007 soluta
624 2958 724 3015 Remo;

101 3062 109 3075 .
187 3028 319 3083 faustulus
337 3026 440 3086 infelix,
459 3030 485 3079 &
500 3030 575 3095 passis
590 3030 656 3080 Acca
674 3027 786 3095 capillis,

230 3100 386 3169 Spargebant
401 3100 512 3169 lacrymis
529 3101 576 3153 offa
589 3099 688 3168 'perusia
704 3102 760 3153 suis·
803 3167 861 3221 Fu·

835 3188 862 3241 ll]
