<?xml version="1.0" encoding="UTF-8"?>
<!DOCTYPE html PUBLIC "-//W3C//DTD XHTML 1.0 Transitional//EN"
    "http://www.w3.org/TR/xhtml1/DTD/xhtml1-transitional.dtd">
<html xmlns="http://www.w3.org/1999/xhtml" xml:lang="en" lang="en">
 <head>
  <title>
</title>
<meta http-equiv="Content-Type" content="text/html;charset=utf-8" />
  <meta name='ocr-system' content='tesseract 3.04.00' />
  <meta name='ocr-capabilities' content='ocr_page ocr_carea ocr_par ocr_line ocrx_word'/>
</head>
<body>
  <div class='ocr_page' id='page_1' title='image "./povidiinasoniso01heingoog_0226.png"; bbox 0 0 2367 3942; ppageno 0'>
   <div class='ocr_carea' id='block_1_1' title="bbox 266 425 914 522">
    <p class='ocr_par' dir='ltr' id='par_1_1' title="bbox 266 425 914 522">
     <span class='ocr_line' id='line_1_1' title="bbox 266 425 914 522; baseline 0.009 -29"><span class='ocrx_word' id='word_1_1' title='bbox 266 426 548 494; x_wconf 71' lang='lat' dir='ltr'>Tarentina</span> <span class='ocrx_word' id='word_1_2' title='bbox 575 425 688 496; x_wconf 79' lang='lat' dir='ltr'>Lta.</span> <span class='ocrx_word' id='word_1_3' title='bbox 716 427 790 498; x_wconf 86' lang='lat' dir='ltr'>sV.</span> <span class='ocrx_word' id='word_1_4' title='bbox 843 449 914 522; x_wconf 84' lang='lat'>225</span> 
     </span>
    </p>
   </div>
   <div class='ocr_carea' id='block_1_2' title="bbox 146 541 958 1687">
    <p class='ocr_par' dir='ltr' id='par_1_2' title="bbox 146 541 958 1687">
     <span class='ocr_line' id='line_1_2' title="bbox 196 541 795 610; baseline 0.01 -16"><span class='ocrx_word' id='word_1_5' title='bbox 196 546 270 595; x_wconf 83' lang='lat' dir='ltr'>Vere</span> <span class='ocrx_word' id='word_1_6' title='bbox 281 541 349 610; x_wconf 73' lang='lat' dir='ltr'>priuis</span> <span class='ocrx_word' id='word_1_7' title='bbox 361 543 437 594; x_wconf 82' lang='lat' dir='ltr'>tiores</span> <span class='ocrx_word' id='word_1_8' title='bbox 448 575 458 598; x_wconf 89' lang='lat'>‚</span> <span class='ocrx_word' id='word_1_9' title='bbox 475 543 532 594; x_wconf 78' lang='lat' dir='ltr'>arsiu</span> <span class='ocrx_word' id='word_1_10' title='bbox 548 545 684 596; x_wconf 78' lang='lat' dir='ltr'>numerabis</span> <span class='ocrx_word' id='word_1_11' title='bbox 695 547 776 599; x_wconf 82' lang='lat' dir='ltr'>aristas</span> <span class='ocrx_word' id='word_1_12' title='bbox 787 581 795 604; x_wconf 85' lang='lat'>,</span> 
     </span>
     <span class='ocr_line' id='line_1_3' title="bbox 235 617 845 686; baseline 0.007 -18"><span class='ocrx_word' id='word_1_13' title='bbox 235 617 313 668; x_wconf 86' lang='lat' dir='ltr'>Poma</span> <span class='ocrx_word' id='word_1_14' title='bbox 328 633 373 682; x_wconf 86' lang='lat' dir='ltr'>per</span> <span class='ocrx_word' id='word_1_15' title='bbox 387 627 547 676; x_wconf 80' lang='lat' dir='ltr'><strong>autumnum,</strong></span> <span class='ocrx_word' id='word_1_16' title='bbox 563 619 744 686; x_wconf 73' lang='lat' dir='ltr'>frigoribusque</span> <span class='ocrx_word' id='word_1_17' title='bbox 757 621 845 672; x_wconf 82' lang='lat' dir='ltr'>nives:</span> 
     </span>
     <span class='ocr_line' id='line_1_4' title="bbox 200 690 869 756; baseline 0.006 -16"><span class='ocrx_word' id='word_1_18' title='bbox 200 690 284 754; x_wconf 68' lang='lat' dir='ltr'>Quian</span> <span class='ocrx_word' id='word_1_19' title='bbox 298 691 362 738; x_wconf 86' lang='lat' dir='ltr'>mala</span> <span class='ocrx_word' id='word_1_20' title='bbox 373 721 382 748; x_wconf 85' lang='grc'><strong>.</strong></span> <span class='ocrx_word' id='word_1_21' title='bbox 400 705 454 754; x_wconf 74' lang='lat' dir='ltr'>qua</span> <span class='ocrx_word' id='word_1_22' title='bbox 468 701 524 741; x_wconf 90' lang='lat' dir='ltr'>toto</span> <span class='ocrx_word' id='word_1_23' title='bbox 537 692 619 756; x_wconf 90' lang='lat' dir='ltr'>patior</span> <span class='ocrx_word' id='word_1_24' title='bbox 632 690 734 756; x_wconf 66' lang='lat' dir='ltr'>jahatut</span> <span class='ocrx_word' id='word_1_25' title='bbox 747 693 772 744; x_wconf 90' lang='lat' dir='ltr'>in</span> <span class='ocrx_word' id='word_1_26' title='bbox 789 696 869 752; x_wconf 87' lang='lat' dir='ltr'>orbe,</span> 
     </span>
     <span class='ocr_line' id='line_1_5' title="bbox 236 761 956 831; baseline 0.01 -19"><span class='ocrx_word' id='word_1_27' title='bbox 236 764 307 812; x_wconf 86' lang='lat' dir='ltr'>Dum</span> <span class='ocrx_word' id='word_1_28' title='bbox 323 761 393 812; x_wconf 88' lang='lat' dir='ltr'>miser</span> <span class='ocrx_word' id='word_1_29' title='bbox 409 761 496 812; x_wconf 83' lang='lat' dir='ltr'>Euxini</span> <span class='ocrx_word' id='word_1_30' title='bbox 512 765 584 813; x_wconf 85' lang='lat' dir='ltr'>litora</span> <span class='ocrx_word' id='word_1_31' title='bbox 601 765 661 816; x_wconf 81' lang='lat' dir='ltr'>laeva</span> <span class='ocrx_word' id='word_1_32' title='bbox 677 779 747 831; x_wconf 85' lang='lat' dir='ltr'>peto.</span> <span class='ocrx_word' id='word_1_33' title='bbox 922 767 956 819; x_wconf 85' lang='lat'>60</span> 
     </span>
     <span class='ocr_line' id='line_1_6' title="bbox 200 835 921 894; baseline 0.008 -8"><span class='ocrx_word' id='word_1_34' title='bbox 200 837 257 886; x_wconf 83' lang='lat' dir='ltr'>Nec</span> <span class='ocrx_word' id='word_1_35' title='bbox 273 848 376 893; x_wconf 84' lang='lat' dir='ltr'>tamen,</span> <span class='ocrx_word' id='word_1_36' title='bbox 392 835 511 894; x_wconf 78' lang='lat' dir='ltr'>utrem,</span> <span class='ocrx_word' id='word_1_37' title='bbox 529 837 609 887; x_wconf 84' lang='lat' dir='ltr'>levior</span> <span class='ocrx_word' id='word_1_38' title='bbox 625 839 723 888; x_wconf 78' lang='lat' dir='ltr'>fortuna</span> <span class='ocrx_word' id='word_1_39' title='bbox 736 841 853 892; x_wconf 86' lang='lat' dir='ltr'>maiorum</span> <span class='ocrx_word' id='word_1_40' title='bbox 868 840 921 892; x_wconf 85' lang='lat' dir='ltr'>est:</span> 
     </span>
     <span class='ocr_line' id='line_1_7' title="bbox 146 908 822 974; baseline 0.018 -22"><span class='ocrx_word' id='word_1_41' title='bbox 146 948 149 952; x_wconf 88' lang='lat'><em>.</em></span> <span class='ocrx_word' id='word_1_42' title='bbox 237 908 295 958; x_wconf 85' lang='lat' dir='ltr'>Huc</span> <span class='ocrx_word' id='word_1_43' title='bbox 311 924 408 974; x_wconf 86' lang='lat' dir='ltr'>quoque</span> <span class='ocrx_word' id='word_1_44' title='bbox 424 908 476 958; x_wconf 87' lang='lat' dir='ltr'>sunt</span> <span class='ocrx_word' id='word_1_45' title='bbox 491 909 583 959; x_wconf 76' lang='lat' dir='ltr'>nostras</span> <span class='ocrx_word' id='word_1_46' title='bbox 597 910 647 960; x_wconf 90' lang='lat' dir='ltr'>sata</span> <span class='ocrx_word' id='word_1_47' title='bbox 662 911 743 962; x_wconf 84' lang='lat' dir='ltr'>secuta</span> <span class='ocrx_word' id='word_1_48' title='bbox 760 914 822 964; x_wconf 83' lang='lat' dir='ltr'>vias.</span> 
     </span>
     <span class='ocr_line' id='line_1_8' title="bbox 201 980 825 1047; baseline 0.006 -16"><span class='ocrx_word' id='word_1_49' title='bbox 201 980 250 1032; x_wconf 89' lang='lat' dir='ltr'>Hic</span> <span class='ocrx_word' id='word_1_50' title='bbox 267 997 366 1046; x_wconf 86' lang='lat' dir='ltr'>quoque</span> <span class='ocrx_word' id='word_1_51' title='bbox 383 981 505 1047; x_wconf 75' lang='lat' dir='ltr'>cognosco</span> <span class='ocrx_word' id='word_1_52' title='bbox 521 984 608 1034; x_wconf 78' lang='lat' dir='ltr'>natalis</span> <span class='ocrx_word' id='word_1_53' title='bbox 624 983 718 1034; x_wconf 81' lang='lat' dir='ltr'>stamina</span> <span class='ocrx_word' id='word_1_54' title='bbox 732 986 825 1045; x_wconf 82' lang='lat' dir='ltr'>nostri;</span> 
     </span>
     <span class='ocr_line' id='line_1_9' title="bbox 237 1053 743 1120; baseline 0.006 -16"><span class='ocrx_word' id='word_1_55' title='bbox 237 1054 344 1104; x_wconf 77' lang='lat' dir='ltr'>Stamina</span> <span class='ocrx_word' id='word_1_56' title='bbox 360 1053 390 1104; x_wconf 83' lang='lat' dir='ltr'>de</span> <span class='ocrx_word' id='word_1_57' title='bbox 405 1054 475 1120; x_wconf 80' lang='lat' dir='ltr'>nigro</span> <span class='ocrx_word' id='word_1_58' title='bbox 490 1056 585 1106; x_wconf 80' lang='lat' dir='ltr'>vellere</span> <span class='ocrx_word' id='word_1_59' title='bbox 602 1056 662 1106; x_wconf 79' lang='lat' dir='ltr'>sasia</span> <span class='ocrx_word' id='word_1_60' title='bbox 678 1058 743 1108; x_wconf 88' lang='lat' dir='ltr'>mihi.</span> 
     </span>
     <span class='ocr_line' id='line_1_10' title="bbox 202 1125 953 1198; baseline 0.013 -22"><span class='ocrx_word' id='word_1_61' title='bbox 202 1126 287 1192; x_wconf 86' lang='lat' dir='ltr'>thue</span> <span class='ocrx_word' id='word_1_62' title='bbox 302 1142 351 1176; x_wconf 84' lang='lat' dir='ltr'>nec</span> <span class='ocrx_word' id='word_1_63' title='bbox 364 1125 481 1185; x_wconf 78' lang='lat' dir='ltr'>insidias,</span> <span class='ocrx_word' id='word_1_64' title='bbox 498 1128 633 1194; x_wconf 81' lang='lat' dir='ltr'>capitisque</span> <span class='ocrx_word' id='word_1_65' title='bbox 647 1130 754 1195; x_wconf 87' lang='lat' dir='ltr'>pericula</span> <span class='ocrx_word' id='word_1_66' title='bbox 770 1148 883 1191; x_wconf 86' lang='lat' dir='ltr'>narrem,</span> <span class='ocrx_word' id='word_1_67' title='bbox 922 1133 937 1184; x_wconf 88' lang='lat'>6</span> <span class='ocrx_word' id='word_1_68' title='bbox 942 1151 953 1198; x_wconf 86' lang='lat'><em>5</em></span> 
     </span>
     <span class='ocr_line' id='line_1_11' title="bbox 237 1198 787 1268; baseline 0.007 -18"><span class='ocrx_word' id='word_1_69' title='bbox 237 1199 309 1250; x_wconf 84' lang='lat' dir='ltr'>Vera</span> <span class='ocrx_word' id='word_1_70' title='bbox 323 1198 439 1266; x_wconf 83' lang='lat' dir='ltr'>quidem,</span> <span class='ocrx_word' id='word_1_71' title='bbox 457 1201 516 1250; x_wconf 75' lang='lat' dir='ltr'>veri</span> <span class='ocrx_word' id='word_1_72' title='bbox 531 1201 573 1252; x_wconf 84' lang='lat' dir='ltr'>sed</span> <span class='ocrx_word' id='word_1_73' title='bbox 587 1203 699 1268; x_wconf 78' lang='lat' dir='ltr'>graviora</span> <span class='ocrx_word' id='word_1_74' title='bbox 714 1202 762 1254; x_wconf 85' lang='lat' dir='ltr'>fide</span> <span class='ocrx_word' id='word_1_75' title='bbox 777 1222 787 1262; x_wconf 79' lang='lat'>3</span> 
     </span>
     <span class='ocr_line' id='line_1_12' title="bbox 202 1272 921 1346; baseline 0.01 -23"><span class='ocrx_word' id='word_1_76' title='bbox 202 1272 298 1323; x_wconf 77' lang='lat' dir='ltr'>Vivere</span> <span class='ocrx_word' id='word_1_77' title='bbox 311 1274 382 1339; x_wconf 70' lang='lat' dir='ltr'>quim</span> <span class='ocrx_word' id='word_1_78' title='bbox 397 1272 509 1324; x_wconf 88' lang='lat' dir='ltr'>miserum</span> <span class='ocrx_word' id='word_1_79' title='bbox 524 1273 558 1324; x_wconf 79' lang='lat' dir='ltr'>esi</span> <span class='ocrx_word' id='word_1_80' title='bbox 572 1275 637 1324; x_wconf 87' lang='lat' dir='ltr'>inter</span> <span class='ocrx_word' id='word_1_81' title='bbox 650 1275 779 1342; x_wconf 66' lang='lat' dir='ltr'>Bessosque</span> <span class='ocrx_word' id='word_1_82' title='bbox 796 1275 921 1346; x_wconf 82' lang='lat' dir='ltr'>Getasque</span> 
     </span>
     <span class='ocr_line' id='line_1_13' title="bbox 239 1345 747 1411; baseline 0.008 -17"><span class='ocrx_word' id='word_1_83' title='bbox 239 1345 297 1403; x_wconf 84' lang='lat' dir='ltr'>nli,</span> <span class='ocrx_word' id='word_1_84' title='bbox 315 1345 358 1410; x_wconf 88' lang='lat' dir='ltr'>qui</span> <span class='ocrx_word' id='word_1_85' title='bbox 374 1345 459 1411; x_wconf 88' lang='lat' dir='ltr'>populi</span> <span class='ocrx_word' id='word_1_86' title='bbox 473 1346 565 1411; x_wconf 83' lang='lat' dir='ltr'>semper</span> <span class='ocrx_word' id='word_1_87' title='bbox 581 1348 607 1396; x_wconf 91' lang='lat' dir='ltr'>in</span> <span class='ocrx_word' id='word_1_88' title='bbox 621 1364 665 1398; x_wconf 90' lang='lat' dir='ltr'>ore</span> <span class='ocrx_word' id='word_1_89' title='bbox 682 1349 747 1398; x_wconf 85' lang='lat' dir='ltr'>suits</span> 
     </span>
     <span class='ocr_line' id='line_1_14' title="bbox 205 1417 840 1486; baseline 0.006 -18"><span class='ocrx_word' id='word_1_90' title='bbox 205 1418 283 1482; x_wconf 76' lang='lat' dir='ltr'>Quian</span> <span class='ocrx_word' id='word_1_91' title='bbox 299 1417 431 1476; x_wconf 81' lang='lat' dir='ltr'>miserum,</span> <span class='ocrx_word' id='word_1_92' title='bbox 448 1420 520 1484; x_wconf 69' lang='lat' dir='ltr'>porti</span> <span class='ocrx_word' id='word_1_93' title='bbox 531 1421 606 1468; x_wconf 82' lang='lat' dir='ltr'>vitam</span> <span class='ocrx_word' id='word_1_94' title='bbox 622 1437 740 1486; x_wconf 86' lang='lat' dir='ltr'>muroque</span> <span class='ocrx_word' id='word_1_95' title='bbox 757 1422 840 1482; x_wconf 82' lang='lat' dir='ltr'>tueri,</span> 
     </span>
     <span class='ocr_line' id='line_1_15' title="bbox 240 1490 958 1562; baseline 0.001 -21"><span class='ocrx_word' id='word_1_96' title='bbox 240 1491 338 1556; x_wconf 84' lang='lat' dir='ltr'>Vixque</span> <span class='ocrx_word' id='word_1_97' title='bbox 355 1490 390 1540; x_wconf 88' lang='lat' dir='ltr'>sui</span> <span class='ocrx_word' id='word_1_98' title='bbox 404 1502 484 1541; x_wconf 86' lang='lat' dir='ltr'>tutum</span> <span class='ocrx_word' id='word_1_99' title='bbox 498 1492 590 1543; x_wconf 75' lang='lat' dir='ltr'>viribus</span> <span class='ocrx_word' id='word_1_100' title='bbox 607 1492 654 1541; x_wconf 81' lang='lat' dir='ltr'>esie</span> <span class='ocrx_word' id='word_1_101' title='bbox 671 1492 739 1542; x_wconf 90' lang='lat' dir='ltr'>loci!</span> <span class='ocrx_word' id='word_1_102' title='bbox 923 1513 958 1562; x_wconf 83' lang='lat'>70</span> 
     </span>
     <span class='ocr_line' id='line_1_16' title="bbox 202 1562 745 1632; baseline 0 -19"><span class='ocrx_word' id='word_1_103' title='bbox 202 1563 295 1629; x_wconf 77' lang='lat' dir='ltr'>Aspera</span> <span class='ocrx_word' id='word_1_104' title='bbox 309 1563 401 1613; x_wconf 78' lang='lat' dir='ltr'>militiae</span> <span class='ocrx_word' id='word_1_105' title='bbox 416 1562 513 1629; x_wconf 79' lang='lat' dir='ltr'>juvenis</span> <span class='ocrx_word' id='word_1_106' title='bbox 529 1565 660 1613; x_wconf 88' lang='lat' dir='ltr'>certamina</span> <span class='ocrx_word' id='word_1_107' title='bbox 676 1565 745 1632; x_wconf 83' lang='lat' dir='ltr'>sugi,</span> 
     </span>
     <span class='ocr_line' id='line_1_17' title="bbox 238 1635 757 1687; baseline 0.002 -1"><span class='ocrx_word' id='word_1_108' title='bbox 238 1635 293 1686; x_wconf 80' lang='lat' dir='ltr'>Nec</span> <span class='ocrx_word' id='word_1_109' title='bbox 309 1635 355 1686; x_wconf 81' lang='lat' dir='ltr'>nisi</span> <span class='ocrx_word' id='word_1_110' title='bbox 369 1636 449 1686; x_wconf 79' lang='lat' dir='ltr'>lusurir</span> <span class='ocrx_word' id='word_1_111' title='bbox 465 1635 584 1686; x_wconf 79' lang='lat' dir='ltr'>movimus</span> <span class='ocrx_word' id='word_1_112' title='bbox 598 1652 662 1686; x_wconf 87' lang='lat' dir='ltr'>arma</span> <span class='ocrx_word' id='word_1_113' title='bbox 678 1653 757 1687; x_wconf 85' lang='lat' dir='ltr'>manu.</span> 
     </span>
    </p>
   </div>
   <div class='ocr_carea' id='block_1_3' title="bbox 99 1708 900 1776">
    <p class='ocr_par' dir='ltr' id='par_1_3' title="bbox 99 1708 900 1776">
     <span class='ocr_line' id='line_1_18' title="bbox 99 1708 900 1776; baseline 0.007 -19"><span class='ocrx_word' id='word_1_114' title='bbox 99 1727 101 1732; x_wconf 93' lang='lat'><em>·</em></span> <span class='ocrx_word' id='word_1_115' title='bbox 203 1708 276 1758; x_wconf 89' lang='lat' dir='ltr'>Nunc</span> <span class='ocrx_word' id='word_1_116' title='bbox 287 1709 369 1758; x_wconf 85' lang='lat' dir='ltr'>&#39;senior</span> <span class='ocrx_word' id='word_1_117' title='bbox 382 1709 514 1775; x_wconf 80' lang='lat' dir='ltr'>gladioque</span> <span class='ocrx_word' id='word_1_118' title='bbox 527 1709 609 1768; x_wconf 66' lang='lat' dir='ltr'>latur,</span> <span class='ocrx_word' id='word_1_119' title='bbox 630 1710 744 1776; x_wconf 86' lang='lat' dir='ltr'>scutoque</span> <span class='ocrx_word' id='word_1_120' title='bbox 761 1711 875 1762; x_wconf 81' lang='lat' dir='ltr'>sinisiram</span> <span class='ocrx_word' id='word_1_121' title='bbox 892 1747 900 1774; x_wconf 90' lang='lat'>,</span> 
     </span>
    </p>
   </div>
   <div class='ocr_carea' id='block_1_4' title="bbox 203 1780 1024 3216">
    <p class='ocr_par' dir='ltr' id='par_1_4' title="bbox 241 1780 724 1849">
     <span class='ocr_line' id='line_1_19' title="bbox 241 1780 724 1849; baseline 0.008 -20"><span class='ocrx_word' id='word_1_122' title='bbox 241 1780 362 1831; x_wconf 85' lang='lat' dir='ltr'>Canitiem</span> <span class='ocrx_word' id='word_1_123' title='bbox 379 1783 455 1848; x_wconf 78' lang='lat' dir='ltr'>galeae</span> <span class='ocrx_word' id='word_1_124' title='bbox 472 1780 621 1849; x_wconf 89' lang='lat' dir='ltr'>subjicioque</span> <span class='ocrx_word' id='word_1_125' title='bbox 638 1799 724 1834; x_wconf 90' lang='lat' dir='ltr'>meam.</span> 
     </span>
    </p>

    <p class='ocr_par' dir='ltr' id='par_1_5' title="bbox 203 1853 956 1993">
     <span class='ocr_line' id='line_1_20' title="bbox 203 1853 956 1925; baseline 0.009 -21"><span class='ocrx_word' id='word_1_126' title='bbox 203 1855 265 1904; x_wconf 82' lang='lat' dir='ltr'>Nam</span> <span class='ocrx_word' id='word_1_127' title='bbox 279 1855 347 1904; x_wconf 80' lang='lat' dir='ltr'>dedit</span> <span class='ocrx_word' id='word_1_128' title='bbox 361 1870 375 1904; x_wconf 92' lang='lat' dir='ltr'>e</span> <span class='ocrx_word' id='word_1_129' title='bbox 390 1853 487 1919; x_wconf 67' lang='lat' dir='ltr'>speculi</span> <span class='ocrx_word' id='word_1_130' title='bbox 501 1855 579 1904; x_wconf 76' lang='lat' dir='ltr'>custos</span> <span class='ocrx_word' id='word_1_131' title='bbox 595 1857 635 1906; x_wconf 91' lang='lat' dir='ltr'>ubi</span> <span class='ocrx_word' id='word_1_132' title='bbox 649 1857 716 1925; x_wconf 83' lang='lat' dir='ltr'>signa</span> <span class='ocrx_word' id='word_1_133' title='bbox 730 1857 865 1918; x_wconf 71' lang='lat' dir='ltr'>tumultis,</span> <span class='ocrx_word' id='word_1_134' title='bbox 922 1877 956 1925; x_wconf 90' lang='lat'>75</span> 
     </span>
     <span class='ocr_line' id='line_1_21' title="bbox 240 1927 773 1993; baseline 0.011 -18"><span class='ocrx_word' id='word_1_135' title='bbox 240 1927 368 1986; x_wconf 82' lang='lat' dir='ltr'>induimur</span> <span class='ocrx_word' id='word_1_136' title='bbox 378 1927 473 1993; x_wconf 71' lang='lat' dir='ltr'>trepidi</span> <span class='ocrx_word' id='word_1_137' title='bbox 486 1928 595 1993; x_wconf 86' lang='lat' dir='ltr'>protinus</span> <span class='ocrx_word' id='word_1_138' title='bbox 612 1945 677 1980; x_wconf 88' lang='lat' dir='ltr'>arma</span> <span class='ocrx_word' id='word_1_139' title='bbox 692 1947 773 1982; x_wconf 83' lang='lat' dir='ltr'>manu.</span> 
     </span>
    </p>

    <p class='ocr_par' dir='ltr' id='par_1_6' title="bbox 204 1998 867 2140">
     <span class='ocr_line' id='line_1_22' title="bbox 204 1998 867 2069; baseline 0.009 -21"><span class='ocrx_word' id='word_1_140' title='bbox 204 1998 305 2057; x_wconf 81' lang='lat' dir='ltr'>Hostis,</span> <span class='ocrx_word' id='word_1_141' title='bbox 321 1999 412 2050; x_wconf 80' lang='lat' dir='ltr'>habent</span> <span class='ocrx_word' id='word_1_142' title='bbox 426 2017 513 2057; x_wconf 70' lang='lat' dir='ltr'>acus,</span> <span class='ocrx_word' id='word_1_143' title='bbox 530 2001 670 2069; x_wconf 85' lang='lat' dir='ltr'>imbutaque</span> <span class='ocrx_word' id='word_1_144' title='bbox 684 2004 735 2053; x_wconf 86' lang='lat' dir='ltr'>tela</span> <span class='ocrx_word' id='word_1_145' title='bbox 752 2019 867 2063; x_wconf 87' lang='lat' dir='ltr'>veneno,</span> 
     </span>
     <span class='ocr_line' id='line_1_23' title="bbox 238 2071 754 2140; baseline 0.006 -19"><span class='ocrx_word' id='word_1_146' title='bbox 238 2071 327 2121; x_wconf 73' lang='lat' dir='ltr'>Savus</span> <span class='ocrx_word' id='word_1_147' title='bbox 343 2071 463 2122; x_wconf 78' lang='lat' dir='ltr'>anhelanti</span> <span class='ocrx_word' id='word_1_148' title='bbox 479 2075 564 2124; x_wconf 87' lang='lat' dir='ltr'>moenia</span> <span class='ocrx_word' id='word_1_149' title='bbox 580 2073 663 2124; x_wconf 78' lang='lat' dir='ltr'>lustrat</span> <span class='ocrx_word' id='word_1_150' title='bbox 680 2090 754 2140; x_wconf 85' lang='lat' dir='ltr'>equo.</span> 
     </span>
    </p>

    <p class='ocr_par' dir='ltr' id='par_1_7' title="bbox 204 2144 958 2286">
     <span class='ocr_line' id='line_1_24' title="bbox 204 2144 877 2213; baseline 0.004 -19"><span class='ocrx_word' id='word_1_151' title='bbox 204 2144 289 2210; x_wconf 88' lang='lat' dir='ltr'>thue</span> <span class='ocrx_word' id='word_1_152' title='bbox 304 2159 377 2208; x_wconf 81' lang='lat' dir='ltr'>rapax</span> <span class='ocrx_word' id='word_1_153' title='bbox 392 2146 527 2210; x_wconf 85' lang='lat' dir='ltr'>pecudem,</span> <span class='ocrx_word' id='word_1_154' title='bbox 546 2163 600 2213; x_wconf 82' lang='lat' dir='ltr'>quae</span> <span class='ocrx_word' id='word_1_155' title='bbox 616 2147 641 2196; x_wconf 87' lang='lat' dir='ltr'>se</span> <span class='ocrx_word' id='word_1_156' title='bbox 657 2163 707 2197; x_wconf 92' lang='lat' dir='ltr'>non</span> <span class='ocrx_word' id='word_1_157' title='bbox 720 2146 781 2198; x_wconf 87' lang='lat' dir='ltr'>texit</span> <span class='ocrx_word' id='word_1_158' title='bbox 798 2147 856 2197; x_wconf 84' lang='lat' dir='ltr'>ovili</span> <span class='ocrx_word' id='word_1_159' title='bbox 869 2182 877 2209; x_wconf 90' lang='lat'>,</span> 
     </span>
     <span class='ocr_line' id='line_1_25' title="bbox 239 2215 958 2286; baseline 0.008 -18"><span class='ocrx_word' id='word_1_160' title='bbox 239 2216 288 2268; x_wconf 82' lang='lat' dir='ltr'>Per</span> <span class='ocrx_word' id='word_1_161' title='bbox 303 2215 373 2274; x_wconf 86' lang='lat' dir='ltr'>sata,</span> <span class='ocrx_word' id='word_1_162' title='bbox 389 2233 434 2282; x_wconf 84' lang='lat' dir='ltr'>per</span> <span class='ocrx_word' id='word_1_163' title='bbox 447 2219 538 2277; x_wconf 82' lang='lat' dir='ltr'>silvan,</span> <span class='ocrx_word' id='word_1_164' title='bbox 555 2219 653 2286; x_wconf 80' lang='lat' dir='ltr'>fertque</span> <span class='ocrx_word' id='word_1_165' title='bbox 668 2219 788 2286; x_wconf 86' lang='lat' dir='ltr'>trahitque</span> <span class='ocrx_word' id='word_1_166' title='bbox 803 2222 891 2286; x_wconf 85' lang='lat' dir='ltr'>iupus,</span> <span class='ocrx_word' id='word_1_167' title='bbox 924 2221 958 2274; x_wconf 81' lang='lat'>80</span> 
     </span>
    </p>

    <p class='ocr_par' dir='ltr' id='par_1_8' title="bbox 204 2289 859 2433">
     <span class='ocr_line' id='line_1_26' title="bbox 204 2289 859 2360; baseline 0.009 -21"><span class='ocrx_word' id='word_1_168' title='bbox 204 2289 262 2346; x_wconf 87' lang='lat' dir='ltr'>Sic,</span> <span class='ocrx_word' id='word_1_169' title='bbox 278 2290 387 2355; x_wconf 82' lang='lat' dir='ltr'>siquem</span> <span class='ocrx_word' id='word_1_170' title='bbox 402 2292 509 2342; x_wconf 87' lang='lat' dir='ltr'>nondum</span> <span class='ocrx_word' id='word_1_171' title='bbox 522 2304 646 2356; x_wconf 86' lang='lat' dir='ltr'>portarum</span> <span class='ocrx_word' id='word_1_172' title='bbox 662 2293 718 2358; x_wconf 86' lang='lat' dir='ltr'>sepe</span> <span class='ocrx_word' id='word_1_173' title='bbox 733 2305 859 2360; x_wconf 86' lang='lat' dir='ltr'>receptum</span> 
     </span>
     <span class='ocr_line' id='line_1_27' title="bbox 240 2362 795 2433; baseline 0.009 -21"><span class='ocrx_word' id='word_1_174' title='bbox 240 2363 360 2413; x_wconf 75' lang='lat' dir='ltr'>barbarus</span> <span class='ocrx_word' id='word_1_175' title='bbox 373 2362 399 2412; x_wconf 89' lang='lat' dir='ltr'>in</span> <span class='ocrx_word' id='word_1_176' title='bbox 416 2364 506 2430; x_wconf 79' lang='lat' dir='ltr'>campis</span> <span class='ocrx_word' id='word_1_177' title='bbox 518 2365 611 2429; x_wconf 87' lang='lat' dir='ltr'>reperit</span> <span class='ocrx_word' id='word_1_178' title='bbox 626 2365 719 2424; x_wconf 80' lang='lat' dir='ltr'>hostis,</span> <span class='ocrx_word' id='word_1_179' title='bbox 736 2366 795 2433; x_wconf 79' lang='lat' dir='ltr'>agit.</span> 
     </span>
    </p>

    <p class='ocr_par' dir='ltr' id='par_1_9' title="bbox 206 2434 859 2574">
     <span class='ocr_line' id='line_1_28' title="bbox 206 2434 859 2504; baseline 0.011 -20"><span class='ocrx_word' id='word_1_180' title='bbox 206 2434 256 2485; x_wconf 77' lang='lat' dir='ltr'>Aut</span> <span class='ocrx_word' id='word_1_181' title='bbox 269 2435 375 2501; x_wconf 89' lang='lat' dir='ltr'>sequitur</span> <span class='ocrx_word' id='word_1_182' title='bbox 390 2447 494 2501; x_wconf 80' lang='lat' dir='ltr'>captus,</span> <span class='ocrx_word' id='word_1_183' title='bbox 509 2435 668 2504; x_wconf 73' lang='lat' dir='ltr'>conjesiaque</span> <span class='ocrx_word' id='word_1_184' title='bbox 684 2439 780 2490; x_wconf 84' lang='lat' dir='ltr'>vincula</span> <span class='ocrx_word' id='word_1_185' title='bbox 794 2440 859 2492; x_wconf 88' lang='lat' dir='ltr'>collo</span> 
     </span>
     <span class='ocr_line' id='line_1_29' title="bbox 240 2507 781 2574; baseline 0.011 -18"><span class='ocrx_word' id='word_1_186' title='bbox 240 2507 339 2574; x_wconf 76' lang='lat' dir='ltr'>Accipit</span> <span class='ocrx_word' id='word_1_187' title='bbox 353 2525 363 2564; x_wconf 78' lang='lat'>3</span> <span class='ocrx_word' id='word_1_188' title='bbox 378 2520 421 2558; x_wconf 91' lang='lat' dir='ltr'>aut</span> <span class='ocrx_word' id='word_1_189' title='bbox 435 2510 487 2559; x_wconf 88' lang='lat' dir='ltr'>telo</span> <span class='ocrx_word' id='word_1_190' title='bbox 503 2510 570 2560; x_wconf 75' lang='lat' dir='ltr'>virus</span> <span class='ocrx_word' id='word_1_191' title='bbox 585 2511 692 2562; x_wconf 85' lang='lat' dir='ltr'>habente</span> <span class='ocrx_word' id='word_1_192' title='bbox 707 2511 781 2562; x_wconf 86' lang='lat' dir='ltr'>cadit.</span> 
     </span>
    </p>

    <p class='ocr_par' dir='ltr' id='par_1_10' title="bbox 206 2578 1024 2724">
     <span class='ocr_line' id='line_1_30' title="bbox 206 2578 1024 2651; baseline 0.011 -22"><span class='ocrx_word' id='word_1_193' title='bbox 206 2578 254 2630; x_wconf 83' lang='lat' dir='ltr'>iiic</span> <span class='ocrx_word' id='word_1_194' title='bbox 268 2596 317 2648; x_wconf 83' lang='lat' dir='ltr'>ego</span> <span class='ocrx_word' id='word_1_195' title='bbox 332 2580 431 2631; x_wconf 68' lang='lat' dir='ltr'>solicita</span> <span class='ocrx_word' id='word_1_196' title='bbox 442 2581 515 2648; x_wconf 83' lang='lat' dir='ltr'>jaceo</span> <span class='ocrx_word' id='word_1_197' title='bbox 529 2595 607 2632; x_wconf 81' lang='lat' dir='ltr'>novus</span> <span class='ocrx_word' id='word_1_198' title='bbox 623 2583 703 2634; x_wconf 86' lang='lat' dir='ltr'>incola</span> <span class='ocrx_word' id='word_1_199' title='bbox 717 2585 788 2636; x_wconf 84' lang='lat' dir='ltr'>sedis.</span> <span class='ocrx_word' id='word_1_200' title='bbox 925 2586 957 2651; x_wconf 85' lang='lat'>85</span> <span class='ocrx_word' id='word_1_201' title='bbox 1021 2593 1024 2598; x_wconf 79' lang='grc'><strong>’</strong></span> 
     </span>
     <span class='ocr_line' id='line_1_31' title="bbox 241 2652 785 2724; baseline 0.009 -22"><span class='ocrx_word' id='word_1_202' title='bbox 241 2652 298 2703; x_wconf 84' lang='lat' dir='ltr'>Heu</span> <span class='ocrx_word' id='word_1_203' title='bbox 312 2653 318 2702; x_wconf 92' lang='lat'>!</span> <span class='ocrx_word' id='word_1_204' title='bbox 332 2653 431 2704; x_wconf 73' lang='lat' dir='ltr'>nimium</span> <span class='ocrx_word' id='word_1_205' title='bbox 445 2654 489 2704; x_wconf 87' lang='lat' dir='ltr'>sati</span> <span class='ocrx_word' id='word_1_206' title='bbox 505 2667 616 2720; x_wconf 79' lang='lat' dir='ltr'>tempora</span> <span class='ocrx_word' id='word_1_207' title='bbox 630 2656 703 2724; x_wconf 82' lang='lat' dir='ltr'>longa</span> <span class='ocrx_word' id='word_1_208' title='bbox 717 2656 785 2707; x_wconf 84' lang='lat' dir='ltr'>mei!</span> 
     </span>
    </p>

    <p class='ocr_par' dir='ltr' id='par_1_11' title="bbox 205 2725 859 2867">
     <span class='ocr_line' id='line_1_32' title="bbox 205 2725 859 2796; baseline 0.008 -21"><span class='ocrx_word' id='word_1_209' title='bbox 205 2725 237 2776; x_wconf 88' lang='lat' dir='ltr'>Et</span> <span class='ocrx_word' id='word_1_210' title='bbox 252 2737 334 2777; x_wconf 84' lang='lat' dir='ltr'>tamen</span> <span class='ocrx_word' id='word_1_211' title='bbox 348 2726 379 2776; x_wconf 89' lang='lat' dir='ltr'>ad</span> <span class='ocrx_word' id='word_1_212' title='bbox 395 2743 508 2777; x_wconf 82' lang='lat' dir='ltr'>numeros</span> <span class='ocrx_word' id='word_1_213' title='bbox 525 2727 671 2796; x_wconf 87' lang='lat' dir='ltr'>antiquaque</span> <span class='ocrx_word' id='word_1_214' title='bbox 687 2730 751 2780; x_wconf 85' lang='lat' dir='ltr'>sacra</span> <span class='ocrx_word' id='word_1_215' title='bbox 767 2729 859 2782; x_wconf 79' lang='lat' dir='ltr'>reverti</span> 
     </span>
     <span class='ocr_line' id='line_1_33' title="bbox 242 2797 760 2867; baseline 0.01 -19"><span class='ocrx_word' id='word_1_216' title='bbox 242 2797 348 2849; x_wconf 79' lang='lat' dir='ltr'>Sustinet</span> <span class='ocrx_word' id='word_1_217' title='bbox 363 2799 390 2849; x_wconf 89' lang='lat' dir='ltr'>in</span> <span class='ocrx_word' id='word_1_218' title='bbox 403 2799 476 2850; x_wconf 81' lang='lat' dir='ltr'>tantis</span> <span class='ocrx_word' id='word_1_219' title='bbox 489 2799 583 2867; x_wconf 88' lang='lat' dir='ltr'>hospita</span> <span class='ocrx_word' id='word_1_220' title='bbox 597 2801 668 2852; x_wconf 90' lang='lat' dir='ltr'>Musa</span> <span class='ocrx_word' id='word_1_221' title='bbox 681 2803 760 2854; x_wconf 80' lang='lat' dir='ltr'>malis.</span> 
     </span>
    </p>

    <p class='ocr_par' dir='ltr' id='par_1_12' title="bbox 207 2871 959 3012">
     <span class='ocr_line' id='line_1_34' title="bbox 207 2871 941 2943; baseline 0.005 -23"><span class='ocrx_word' id='word_1_222' title='bbox 207 2871 664 2940; x_wconf 80' lang='lat' dir='ltr'>Sednequecuirecitemquisquamest</span> <span class='ocrx_word' id='word_1_223' title='bbox 670 2871 941 2943; x_wconf 69' lang='lat' dir='ltr'>mercaminatnecqui</span> 
     </span>
     <span class='ocr_line' id='line_1_35' title="bbox 240 2944 959 3012; baseline 0.004 -18"><span class='ocrx_word' id='word_1_224' title='bbox 240 2944 348 2994; x_wconf 81' lang='lat' dir='ltr'>Auribus</span> <span class='ocrx_word' id='word_1_225' title='bbox 361 2944 464 3010; x_wconf 85' lang='lat' dir='ltr'>accipiat</span> <span class='ocrx_word' id='word_1_226' title='bbox 477 2947 553 2996; x_wconf 84' lang='lat' dir='ltr'>rerba</span> <span class='ocrx_word' id='word_1_227' title='bbox 565 2945 651 2997; x_wconf 80' lang='lat' dir='ltr'>Latina</span> <span class='ocrx_word' id='word_1_228' title='bbox 666 2945 722 2995; x_wconf 79' lang='lat' dir='ltr'>suis.</span> <span class='ocrx_word' id='word_1_229' title='bbox 923 2961 959 3012; x_wconf 90' lang='lat'>90</span> 
     </span>
    </p>

    <p class='ocr_par' dir='ltr' id='par_1_13' title="bbox 206 3015 908 3216">
     <span class='ocr_line' id='line_1_36' title="bbox 206 3015 908 3088; baseline 0.006 -22"><span class='ocrx_word' id='word_1_230' title='bbox 206 3015 258 3082; x_wconf 83' lang='lat' dir='ltr'>lpse</span> <span class='ocrx_word' id='word_1_231' title='bbox 272 3017 350 3076; x_wconf 87' lang='lat' dir='ltr'>mihi,</span> <span class='ocrx_word' id='word_1_232' title='bbox 368 3017 424 3082; x_wconf 87' lang='lat' dir='ltr'>quid</span> <span class='ocrx_word' id='word_1_233' title='bbox 438 3019 502 3068; x_wconf 84' lang='lat' dir='ltr'>enim</span> <span class='ocrx_word' id='word_1_234' title='bbox 517 3018 623 3068; x_wconf 79' lang='lat' dir='ltr'>faciam?</span> <span class='ocrx_word' id='word_1_235' title='bbox 642 3017 768 3083; x_wconf 86' lang='lat' dir='ltr'>scriboque</span> <span class='ocrx_word' id='word_1_236' title='bbox 783 3019 908 3088; x_wconf 74' lang='lat' dir='ltr'>legeque:</span> 
     </span>
     <span class='ocr_line' id='line_1_37' title="bbox 240 3088 843 3216; baseline 0.008 -76"><span class='ocrx_word' id='word_1_237' title='bbox 240 3089 357 3157; x_wconf 78' lang='lat' dir='ltr'>Tutaque</span> <span class='ocrx_word' id='word_1_238' title='bbox 370 3088 467 3157; x_wconf 78' lang='lat' dir='ltr'>judicio</span> <span class='ocrx_word' id='word_1_239' title='bbox 475 3091 545 3146; x_wconf 80' lang='lat' dir='ltr'>litera</span> <span class='ocrx_word' id='word_1_240' title='bbox 558 3090 637 3144; x_wconf 79' lang='lat' dir='ltr'>nostra</span> <span class='ocrx_word' id='word_1_241' title='bbox 652 3091 695 3144; x_wconf 88' lang='lat' dir='ltr'>suo</span> <span class='ocrx_word' id='word_1_242' title='bbox 707 3089 751 3144; x_wconf 84' lang='lat' dir='ltr'>est.</span> <span class='ocrx_word' id='word_1_243' title='bbox 819 3162 843 3216; x_wconf 65' lang='lat' dir='ltr'>K</span> 
     </span>
    </p>

    <p class='ocr_par' dir='ltr' id='par_1_14' title="bbox 855 3181 872 3214">
     <span class='ocr_line' id='line_1_38' title="bbox 855 3181 872 3214; baseline 0 0"><span class='ocrx_word' id='word_1_244' title='bbox 855 3181 872 3214; x_wconf 81' lang='lat' dir='ltr'>r</span> 
     </span>
    </p>
   </div>
   <div class='ocr_carea' id='block_1_5' title="bbox 0 0 1198 3942">
    <p class='ocr_par' dir='ltr' id='par_1_15' title="bbox 0 0 1198 3942">
     <span class='ocr_line' id='line_1_39' title="bbox 0 0 1198 3942; baseline 0 0"><span class='ocrx_word' id='word_1_245' title='bbox 0 0 1198 3942; x_wconf 95' lang='lat' dir='ltr'> </span> 
     </span>
    </p>
   </div>
  </div>
 </body>
</html>
