2367 3942
244 417 681 492 TursrrurrLru.
709 425 779 494 IV.
807 446 881 524 235

164 538 279 605 Tempus
296 537 321 587 ὃ(
335 538 362 586 in
379 553 450 587 canas
464 536 547 588 semen
561 539 675 605 producit
690 541 769 594 aristas
783 575 791 604 ,

202 611 238 661 Et
253 627 287 661 ne
303 611 354 661 sint
369 609 429 661 trilli
444 628 516 677 poma
532 611 616 678 sapore
630 613 699 672 sarit.

165 684 227 734 Hoc
243 695 332 734 tenuat
347 685 446 736 dentem
461 697 540 734 terras
554 687 695 738 renovantis
708 689 799 741 aratri:

204 756 265 807 Hor
281 757 371 824 rigidas
385 757 487 816 silices,
505 759 554 808 boc
565 759 691 810 adamanta
706 763 773 812 terit.

168 829 226 880 Hoc
242 830 317 882 etiam
333 830 407 880 saevas
422 831 538 895 paulatim
554 832 648 899 mitigat
661 835 728 885 iras:
895 847 923 894 ις

204 903 264 954 Hoc
280 903 365 952 minuit
379 902 479 961 iustus,
497 903 624 970 mellaque
640 906 713 955 corda
729 908 803 958 levat.

169 974 264 1024 Cunila
277 974 357 1042 potest
374 975 448 1044 igitur
462 976 538 1026 tacito
552 977 615 1041 pede
630 979 692 1045 lapsa
706 979 829 1039 vetustas,

204 1047 299 1099 Praeter
316 1051 386 1115 quum
402 1065 471 1099 curas
489 1062 616 1100 attenuare
633 1068 708 1102 meas.

171 1123 206 1172 Ut
221 1122 303 1188 patrii
318 1139 407 1181 careo,
428 1123 466 1173 bis
479 1124 587 1189 frugibus
605 1141 660 1174 arra
676 1125 732 1175 trita
748 1125 800 1185 est,

204 1195 323 1245 Dissiluit
335 1195 401 1245 nudo
414 1195 490 1261 pressa
506 1198 544 1246 bis
558 1213 604 1247 ura
620 1199 693 1265 pede.
892 1213 925 1248 20

167 1267 224 1318 'Nec
238 1268 341 1334 quesita
355 1280 437 1318 tamen
450 1269 527 1335 spatio
541 1271 656 1336 patientia
669 1273 743 1340 longo
759 1270 811 1329 est,

205 1341 332 1408 Mensque
346 1342 403 1391 mali
416 1342 507 1392 sensum
524 1343 602 1393 nostra
614 1345 721 1396 recentis
734 1346 817 1394 habet.

171 1413 272 1464 Scilicet
285 1415 311 1465 δι
327 1427 427 1465 veteres
440 1415 536 1483 fugiunt
552 1416 610 1484 juga
623 1435 697 1469 curva
712 1417 810 1485 juvenci
821 1434 830 1475 3

207 1487 242 1536 Et
257 1487 362 1538 domitus
377 1488 449 1555 freno
465 1488 526 1555 sepe
541 1502 661 1558 repugnat
673 1495 762 1556 equus.

172 1559 272 1610 Tristior
288 1561 321 1610 est
334 1562 408 1611 etiarn
421 1562 524 1628 presens
541 1579 647 1613 erumna
662 1564 763 1629 priore:
892 1578 923 1624 25

207 1632 244 1682 Ut
255 1634 288 1683 tit
297 1635 360 1684 enim
370 1635 416 1684 sibi
426 1651 488 1701 par,
506 1636 585 1686 crevit
597 1668 605 1696 ‚
620 1637 646 1686 δι
657 1637 724 1687 uuila
733 1635 802 1686 moti
811 1635 853 1686 est.

171 1708 226 1756 Nec
236 1718 285 1755 tam
295 1719 353 1758 nota
363 1707 421 1757 mihi
432 1740 440 1766 ,
452 1712 521 1773 quim
531 1709 600 1768 sunt,
612 1711 674 1762 mala
685 1709 763 1760 nostra
774 1711 870 1760 fuerunt
883 1723 891 1758 t
961 1749 964 1757 .

208 1779 257 1830 Sed
271 1781 346 1848 magis
360 1780 427 1838 boc,
442 1797 491 1846 quo
505 1781 558 1833 suut
572 1782 706 1851 cognitiora
720 1817 727 1842 ‚
748 1794 856 1852 gravant.

172 1851 211 1901 Est
225 1869 323 1918 quoque
337 1869 387 1903 nou
402 1854 542 1914 minimum,
561 1858 626 1907 vires
639 1855 725 1908 afferre
738 1869 871 1914 terrorest

208 1926 263 1997 Nec
279 1927 479 1992 praeconsumtum
495 1932 611 1994 temporis
628 1929 674 1980 ell'e
692 1931 769 1981 malis.
890 1941 924 1993 30

165 1991 269 2061 'Eortior
284 2000 310 2048 in
326 1999 391 2049 fulvi
406 2017 483 2052 novus
500 2001 533 2050 est
548 2001 652 2052 lullator
666 2003 759 2061 areni,

209 2071 290 2136 Qurlm
308 2073 347 2122 cui
363 2072 416 2123 sunt
431 2074 501 2123 tardi
514 2074 610 2124 brachia
623 2071 680 2123 fella
695 2075 773 2125 morl.

174 2144 271 2212 Integer
287 2145 320 2195 ell
335 2147 417 2196 nitidis
433 2147 519 2196 melior
532 2147 652 2214 gladiator
668 2149 694 2198 iu
709 2147 799 2205 armis,

210 2217 289 2281 Quom
305 2220 345 2268 cui
361 2221 412 2268 tela
427 2220 470 2270 suo
486 2221 599 2288 sanguine
616 2220 687 2271 tincta
703 2223 800 2272 rubent.

176 2291 230 2340 Fert
242 2293 306 2342 bene
320 2293 460 2358 praecipites
474 2295 541 2344 navis
554 2293 628 2346 modo
639 2290 702 2344 falla
716 2296 851 2361 procellas:
891 2309 921 2359 35

208 2363 352 2426 Quamlibet
368 2366 459 2433 exiguo
474 2366 574 2417 solvitur
590 2368 666 2418 imbre
680 2381 760 2420 vetus.

176 2438 225 2486 Nos
240 2455 359 2504 quoque,
378 2455 430 2505 que
447 2431 564 2497 ferimus}
573 2441 671 2492 tulimus
687 2440 814 2508 patientius
829 2454 904 2499 ante3

210 2509 240 2558 Et
254 2513 316 2560 mala
333 2511 386 2561 sunt
399 2511 473 2580 longo
490 2514 647 2580 multiplicata
661 2517 709 2565 die.

179 2583 295 2641 Credite,
309 2583 415 2643 deficio,
431 2586 559 2652 nostroque
573 2605 587 2638 a
602 2605 724 2655 corpore,
740 2601 853 2655 quantum

210 2656 344 2724 Auguror,
358 2659 478 2708 accedunt
489 2671 599 2725 tempora
615 2679 688 2727 parva
704 2663 780 2714 malis.
890 2675 924 2719 40

177 2729 235 2778 Nam
246 2746 326 2796 neque
337 2731 390 2780 lunt
399 2731 482 2791 vires,
496 2749 576 2800 neque
588 2735 629 2802 qui
639 2738 708 2787 color
718 2736 764 2787 ell'e
777 2735 868 2787 solebat
881 2749 887 2782 ε

209 2801 308 2868 Vixque
322 2803 401 2853 habeo
416 2816 533 2865 tenuem,
550 2825 603 2873 quae
618 2821 686 2877 tegat
702 2807 766 2866 olla,
786 2819 876 2855 curem.

179 2873 288 2940 Corpore
303 2875 344 2926 sed
359 2892 426 2926 mens
439 2878 473 2927 est
484 2895 549 2945 egro
562 2882 636 2948 magis
652 2897 736 2948 egra,
751 2878 854 2943 malique

210 2948 238 2998 ln
253 2949 426 3013 circumspeflu
442 2950 485 2999 slat
501 2954 553 3002 sine
568 2951 617 3002 tine
634 2953 678 3002 sui.

180 3020 249 3070 Urbis
259 3021 324 3078 abest
338 3022 412 3072 facies
427 3038 435 3072 t
450 3023 551 3080 absunt,
570 3043 623 3074 mea
639 3040 715 3081 cura,
733 3024 826 3075 sodales
841 3039 849 3072 t
888 3037 919 3081 45

211 3093 243 3146 Et
252 3125 261 3154 ,
275 3093 323 3162 qul
338 3095 401 3145 nulla
415 3094 472 3144 milri
489 3097 585 3154 carior.
605 3113 666 3145 uxor
682 3096 754 3147 abeli.
903 3093 906 3100 ’
