2367 3942
388 240 391 245 ¹
570 240 575 251 e

340 458 649 560 Fnsrorunr
673 488 784 559 er.
811 487 870 555 ΙΙ.
920 507 957 582 5’.

228 630 233 645 ·
260 609 352 661 Lumen
367 610 396 661 ad
411 610 525 677 exiguum
541 608 636 659 famulae
652 608 707 659 data
720 608 794 673 pensa
807 609 957 670 trahebant,

297 686 362 735 luter
376 700 434 749 quas
448 681 518 732 tenui
533 682 567 729 sic
581 682 615 730 ait
629 682 678 746 ipsa
692 682 763 730 sono.

261 756 383 807 Mittenda
392 755 425 805 est
435 754 532 804 domino
543 751 554 817 (
563 771 642 812 nunc,
652 770 716 803 nunc
724 764 855 820 properate
863 786 871 813 ,
879 756 965 822 puellae

297 830 378 894 Quum
387 826 487 894 prinuinr
503 827 581 877 nostrl
593 827 655 876 faeta
670 829 766 876 lacerna
780 844 861 877 manu.

260 901 329 967 Quid
344 915 426 953 tamen
440 898 554 950 audistis?
572 917 627 949 narn
642 902 711 965 plura
726 900 809 950 audire
823 901 916 953 soletis.

297 975 424 1039 Quantum
441 974 470 1022 de
486 974 550 1022 hello
566 973 655 1023 dicitur
669 972 717 1022 effe
732 971 826 1039 superi

259 1046 391 1098 Postmodo
407 1046 466 1096 vilia
482 1046 553 1095 cades
565 1062 571 1096 :
584 1043 743 1104 melioribus,
763 1046 865 1107 Ardea,
883 1048 973 1110 relies,

296 1121 428 1187 Improba,
449 1136 501 1185 quar
517 1120 611 1170 nostroe
627 1120 695 1187 cogis
711 1118 789 1169 abeffe
805 1120 881 1171 viros.

259 1194 314 1245 Sint
328 1191 421 1244 tantcinr
436 1193 558 1242 reduces:
571 1191 612 1242 sed
627 1193 691 1243 enim
704 1193 846 1243 temerarius
861 1194 904 1244 ille

296 1266 337 1317 Est
351 1282 440 1324 meus;
457 1266 483 1315 δι
498 1265 577 1315 stricto
593 1266 703 1331 quolibet
717 1265 774 1315 ense
788 1266 846 1317 ruit.

225 1380 229 1385 ,
258 1338 333 1390 Mens
346 1340 416 1397 abit,
435 1338 461 1389 δι
476 1339 586 1395 morior,
602 1338 699 1403 quoties
712 1339 841 1405 pugnantis
854 1338 935 1407 imago

296 1413 341 1463 Me
356 1412 438 1462 subit:
454 1412 480 1461 δι
497 1412 603 1477 gelidum
616 1410 715 1476 pedore
730 1411 805 1478 frigus
822 1412 905 1462 habet.

257 1484 359 1536 Desinit
375 1486 400 1533 in
415 1486 535 1550 lacrymas
547 1498 556 1533 r
567 1484 709 1549 intenteque
722 1481 763 1533 fila
778 1483 899 1543 remittit,
985 1503 992 1553 ¹.

297 1559 326 1607 ln
343 1557 438 1625 gremio
452 1556 547 1605 vultum
560 1556 722 1620 deposuitque
736 1555 812 1603 suurn.

255 1630 319 1683 Hoc
336 1631 412 1695 ipsum
430 1628 534 1679 decuit:
547 1626 660 1694 lacrymae
676 1626 790 1677 cecidere
806 1626 920 1693 pudice,

296 1703 333 1753 Et
349 1702 425 1751 iacies
441 1700 522 1750 animo
537 1700 656 1767 dignaque
669 1716 760 1766 parque
773 1700 829 1771 fuir.

255 1777 331 1829 Pone
349 1786 458 1833 metum,
474 1773 565 1832 venio,
583 1772 673 1840 conjux
688 1773 731 1823 ait.
746 1774 790 1823 illa
804 1773 893 1826 revixit
901 1791 912 1835 3

294 1850 389 1915 Deque
403 1848 450 1897 viri
465 1848 530 1897 collo
546 1846 619 1897 dulce
633 1847 750 1913 pependit
764 1862 837 1900 onue.

256 1924 360 1983 Intereq
376 1919 472 1986 juvenis
488 1920 588 1972 furiatos
602 1922 684 1989 regius
700 1920 769 1988 ignes

297 1994 434 2061 Concipit,
452 1994 478 2045 δι
493 2010 559 2045 caco
576 2006 659 2059 raptus
673 2010 758 2044 amore
772 1991 840 2045 iurit.

257 2070 350 2121 Forma
366 2068 467 2134 placet,
485 2066 620 2131 niveusque
634 2066 724 2125 color,
741 2066 846 2132 darique
860 2066 959 2135 capilli;

298 2140 402 2205 Quique
418 2139 504 2187 aderet
517 2138 583 2187 nulli
597 2137 672 2187 iatius
687 2140 717 2187 ab
732 2145 786 2187 a'rte
800 2139 884 2190 decor.

256 2212 348 2265 Verba
358 2213 471 2278 placent,
483 2204 566 2260 &vox
571 2227 581 2271 3
592 2209 618 2260 δι
627 2210 693 2277 quod
701 2226 856 2278 corrumpere
864 2230 913 2263 non
922 2214 970 2268 este
987 2219 1017 2282 76

297 2284 409 2351 Qudque
424 2282 503 2333 minor
517 2283 569 2349 spes
584 2282 638 2341 est,
653 2284 702 2333 hoc
717 2284 792 2352 magis
807 2285 849 2335 ille
863 2289 940 2353 cupit.

255 2361 315 2415 Jarn
330 2359 434 2408 dederat
448 2369 544 2406 cantum
560 2357 622 2407 lucis
636 2359 788 2422 praenuncius
804 2360 875 2418 aletr

168 2470 169 2506 ἦ
299 2431 363 2481 Cium
377 2430 489 2480 referunt
504 2428 607 2494 juvenes
622 2428 647 2478 in
660 2429 701 2478 sua
715 2430 788 2480 castra
802 2432 901 2497 pedem,

168 2529 171 2546 1
257 2506 378 2569 Carpitur
394 2502 513 2553 attonitos
529 2502 633 2553 absentis
648 2502 753 2569 imagine
768 2504 850 2554 sensus

250 2610 254 2619 ·
299 2576 346 2627 Ille
359 2575 517 2627 :recordanti
534 2577 603 2641 plura
619 2576 741 2642 magisqoe
755 2577 864 2642 placent.

257 2652 305 2703 Sic
323 2649 382 2699 sedit
395 2665 404 2701 t
418 2648 454 2699 ric
469 2648 534 2697 culta
548 2648 596 2697 fuit
607 2662 616 2697 t
627 2649 664 2697 sic
677 2648 772 2699 iianrina
788 2652 879 2711 nevit,

242 2734 248 2743 ‘
301 2721 429 2793 Negleflae
444 2722 512 2771 collo
529 2721 563 2771 ric
580 2720 680 2786 jacuere
694 2738 781 2772 corne.

167 2739 174 2926 ἰ
254 2798 321 2851 Hos
338 2792 422 2844 hibuit
435 2795 519 2845 witus
530 2809 538 2844 a
549 2796 602 2843 haec
615 2794 651 2842 illi
665 2796 740 2844 verba
753 2796 846 2856 fueret
927 2835 931 2856 ,

302 2868 352 2919 Hic
368 2868 462 2926 decor,
479 2868 531 2917 haec
546 2866 641 2925 iacies,
656 2867 697 2917 hic
710 2869 781 2918 color
794 2870 844 2920 oris
859 2881 922 2923 erat.

167 2989 168 2993 ,
256 2944 300 2997 Ut
317 2933 381 2990 solet
395 2957 408 2988 a
424 2956 511 3007 magno
525 2940 611 2991 flutlus
623 2940 780 3007 languescere
796 2942 878 2999 fletur
938 2957 942 2965 ’

303 3012 354 3063 Sed
369 3024 450 3061 tamen
463 3030 477 3061 a
491 3024 587 3071 vento,
603 3013 644 3079 qui
659 3012 705 3062 luit
718 3024 796 3070 ante,
810 3025 914 3072 tumeta
938 3074 943 3081 .

258 3090 327 3145 Sic,
345 3084 454 3153 quamvis
470 3086 551 3135 aberat
564 3086 661 3151 placite
675 3084 804 3150 presentie
818 3086 922 3143 forme,

300 3159 388 3233 Quem
403 3156 503 3211 dederat
516 3158 619 3232 praesent
631 3157 731 3218 torma,
747 3158 860 3215 mouebat
875 3171 953 3276 agor.

920 3243 936 3277 r
