2367 3942
256 418 893 493 Tirsrwnnrn.111.211

183 539 233 592 Sed
249 553 361 596 vetent,
376 551 409 586 ue
424 547 450 586 te
465 551 520 585 mea
535 553 600 586 nunc
614 538 720 590 Fortuna
736 541 864 601 retardets

220 610 319 678 Perque
335 625 406 661 meos
420 608 487 659 casus
502 609 536 658 sit
551 610 594 660 tibi
608 611 691 676 peiius
706 613 780 665 iners.

182 683 250 736 Dum
267 683 358 742 licuit,
371 695 413 732 tua
428 682 490 747 sepe
506 681 583 741 mibi,
601 683 645 733 tibi
662 684 740 736 nostre
755 688 884 756 legebamt

218 757 292 824 Saepe
309 757 348 807 tui
363 754 461 822 judex,
480 754 543 821 l'aepe
559 756 670 824 magister
687 775 761 810 eram.

179 830 233 881 Aut
246 846 300 898 ego
316 830 455 896 prebebarn
468 827 534 879 fiilis
549 828 626 880 modi
640 830 750 883 versibus
764 849 855 893 eures,
903 846 937 898 25

215 903 269 954 Aut
285 903 329 953 ubi
347 900 468 960 celians,
484 901 663 953 causaruboris
680 919 755 956 etam.

181 975 295 1028 Forsitan
313 975 449 1040 exemplo,
470 975 526 1040 quia
542 990 582 1024 me
598 975 681 1026 lesere
698 977 796 1038 libelli,

216 1049 259 1098 Tu
275 1063 375 1116 quoque
390 1047 424 1098 sis
439 1063 519 1113 poene
533 1047 584 1097 fata
601 1049 681 1100 secuta
696 1067 766 1103 mee.

181 1120 268 1181 Pone,
287 1119 394 1180 Perille,
411 1122 902 1178 memmtmntummodoieminanonsit

139 1195 144 1203 '
214 1192 317 1253 venia,
337 1209 385 1244 nec
399 1193 492 1260 seriptis
508 1192 582 1244 diseat
596 1211 678 1246 amare
694 1197 751 1248 tuis.
904 1210 939 1264 30

181 1268 248 1334 Ergo
263 1266 366 1317 desidie
380 1281 501 1325 remove,
517 1267 674 1328 doiiissirna,
691 1271 794 1323 causas:

217 1341 295 1407 lnque
312 1341 389 1390 bonas
402 1351 468 1390 artes
486 1339 513 1389 ἀ
528 1352 571 1390 tua
584 1341 650 1392 sacra
666 1343 729 1394 redi.

118 1477 122 1483 ¹
144 1410 147 1414 ’
181 1413 226 1464 llla
243 1415 336 1464 decens
350 1412 426 1463 iacies
441 1411 521 1480 longis
535 1413 659 1465 vitiabitur
675 1416 742 1467 annis
755 1429 764 1468 t

216 1485 337 1554 Rugaque
351 1485 377 1536 in
391 1485 587 1551 antiquaironte
604 1485 684 1538 senilis
701 1490 759 1540 erit.

181 1557 327 1626 injicietque
340 1574 437 1608 manum
453 1557 539 1607 forme
552 1558 664 1608 damnosa
682 1560 811 1621 seneclus,
904 1571 937 1626 35

217 1631 282 1696 Quae
298 1631 423 1698 strepitum
435 1629 502 1696 palin
516 1646 566 1680 non
582 1631 689 1684 faciente
704 1635 783 1685 venit.

181 1703 292 1772 Cumque
307 1705 395 1772 aliquis
409 1703 497 1762 dicet,
514 1703 569 1754 Fuit
582 1703 637 1755 bec
650 1707 775 1767 innnolas
793 1704 907 1758 dolebis:

215 1777 248 1828 Et
264 1775 388 1845 speculum
403 1777 507 1827 mendax
519 1777 568 1828 else
581 1779 686 1844 querire
701 1792 780 1832 tuum.

181 1850 242 1902 Sunt
255 1851 300 1902 tibi
314 1867 375 1920 opes
388 1849 508 1910 modice,
526 1848 580 1909 cuim
595 1850 627 1904 sis
639 1852 776 1922 dignissima
790 1851 892 1924 magnis.

215 1926 291 1995 Pinge
307 1925 349 1976 sed
363 1924 486 1975 immensis
500 1925 614 1976 censibus
629 1925 677 1978 effe
691 1943 772 1992 pares.
900 1943 937 1991 40

178 1999 273 2065 Nempe
289 1999 333 2048 dat
346 1998 372 2048 id
385 1997 529 2061 cuicumque
544 1997 605 2044 libet
620 1998 747 2058 Fortuna,
764 1997 875 2066 rapitque
884 2016 895 2051 a

214 2072 268 2123 ltus
286 2071 316 2122 δι
329 2068 364 2120 eli
380 2063 481 2123 subito,
500 2065 541 2134 qui
557 2065 631 2118 modi>
646 2068 743 2122 erosos
759 2083 821 2121 emt.

179 2143 276 2212 Singula
293 2141 355 2209 quid
367 2140 471 2192 referam
483 2137 495 2189 l
509 2140 545 2190 nil
557 2156 608 2191 non
622 2143 725 2194 mortale
739 2154 869 2205 tenemus,

214 2215 324 2268 Peiiotis
339 2213 450 2281 exeeptis
464 2214 603 2282 ingeniique
619 2215 699 2267 bonis.
731 2241 735 2248 ·

179 2288 215 2338 En
226 2305 294 2356 ego,
308 2285 363 2340 cuim
373 2287 451 2353 patrii
461 2304 574 2347 caream,
585 2289 723 2354 vobisque,
737 2289 857 2358 domoque
869 2308 879 2350 ;
897 2306 931 2357 45

213 2360 341 2428 Raptaque
356 2361 425 2418 sint,
443 2359 514 2411 adimi
530 2377 583 2427 que
599 2373 723 2427 potuere,
740 2363 818 2423 mihi3

178 2432 281 2500 ingenio
293 2448 375 2486 tamen
390 2432 441 2500 ipse
456 2450 513 2484 meo
530 2436 683 2502 comitorque
698 2436 834 2506 fruorque:

215 2505 295 2556 Caesar
308 2506 333 2556 in
346 2507 395 2557 hoe
409 2507 491 2573 potuit
505 2506 564 2572 juris
576 2509 667 2558 habere
681 2509 749 2560 nihil.

179 2575 291 2641 Quilibet
306 2580 368 2629 hanc
384 2579 448 2630 saevo
462 2580 536 2630 vitam
550 2581 609 2631 mihi
625 2580 692 2632 finiat
707 2583 785 2643 ense3

213 2649 259 2699 Me
274 2662 354 2702 tamen
370 2652 485 2703 exstiniio
500 2653 562 2702 t'ama
577 2653 695 2721 superstes
711 2657 768 2706 erit.
900 2667 933 2719 50

177 2720 293 2788 Dumque
309 2724 356 2775 suis
369 2725 454 2776 viiitix
469 2741 565 2776 ornnem
581 2727 748 2780 dementibus
764 2729 850 2779 orbem

214 2791 348 2861 Prospiciet
363 2798 479 2849 domitum
492 2799 581 2849 Martia
596 2800 693 2860 Roma,
711 2803 787 2868 legat.

178 2865 217 2916 Tu
233 2883 348 2934 quoque,
366 2887 436 2937 quarn
449 2871 517 2922 studii
532 2885 629 2923 maneat
643 2874 739 2924 felicior
753 2873 828 2923 usust

212 2937 300 3011 Effuge
317 2954 451 3008 venturos,
465 2949 511 3014 qui
523 2958 595 3014 potes
608 2977 617 3008 ,
630 2961 708 3012 usque
722 2961 806 3014 rogos·
