2367 3942
276 448 352 538 1⁶4
374 445 416 513 P.
443 446 636 517 Ονιυιι
663 444 887 516 NAsonts

273 564 373 615 Scilicet
386 564 519 615 occidimus
532 580 541 622 ς
557 578 604 615 nec
621 564 692 629 sper,
708 564 755 615 nisi
769 582 848 624 vana,
864 566 969 620 salutist

309 636 424 701 Dumque
439 638 544 703 loquor,
561 638 645 687 vultus
659 638 740 688 obruit
754 638 817 687 unda
834 655 912 691 meos.

232 719 262 772 35
277 707 407 775 Opprimet
417 710 479 759 hanc
489 710 589 759 animem
600 708 701 760 liunus:
713 709 844 777 frustraque
855 712 970 777 precanti

311 782 365 832 Ore
383 793 511 842 necaturas
527 782 672 849 accipiemus
689 799 771 851 aquas.
927 795 932 807 ¹

273 854 308 905 At
321 855 361 919 pia
374 855 408 904 nil
422 855 488 906 aliud
502 872 572 922 quam
587 872 629 905 me
642 856 710 905 dolet
725 855 806 905 exsule
822 855 930 923 conjun

311 926 367 978 Hoc
381 944 456 977 unum
470 928 543 977 nestri
556 928 647 995 scitque
664 930 785 995 gemitque
800 930 866 980 mali.

275 998 361 1050 Nescit
373 1001 398 1050 in
415 1000 530 1050 immenso
543 999 628 1067 jatleri
641 1016 743 1069 corpora
758 1014 856 1067 ponto:

231 1085 266 1131 4ο
312 1072 397 1123 Nescit
410 1074 449 1141 agi
461 1072 562 1124 ventis:
581 1073 656 1123 nescit
673 1072 750 1123 adeffe
768 1090 863 1123 necem.

275 1142 309 1195 Di
320 1147 383 1196 bene
397 1146 404 1196 l
416 1147 482 1212 quod
493 1163 542 1195 non
554 1146 605 1197 sum
614 1162 707 1196 mecum
719 1146 883 1197 conscendere
891 1148 969 1213 pallus
976 1180 987 1208 ,

312 1220 351 1269 Ne
360 1220 423 1270 »mihi
438 1236 503 1269 mors
519 1219 606 1269 misen>
620 1220 657 1270 bie
671 1219 783 1286 patienda
799 1220 873 1270 soret.

275 1291 309 1342 At
325 1309 405 1351 nunc,
415 1304 443 1343 ut
456 1308 574 1358 peream,
588 1293 700 1359 quoniam
716 1306 784 1343 caret
797 1294 837 1342 illa
851 1293 966 1361 periclo,

312 1364 419 1415 Dimidii
435 1364 502 1415 cette
516 1377 585 1431 perte
602 1364 717 1431 supersles
731 1382 785 1416 ero.

231 1448 265 1497 45
277 1435 328 1486 Hei
343 1438 401 1488 milii
415 1438 422 1490 l
439 1442 508 1505 quim
523 1438 598 1488 celeri
612 1439 748 1490 micuerunt
761 1439 841 1489 nubila
853 1438 967 1490 flammi!

312 1510 425 1575 Quantus
441 1513 472 1561 ab
488 1511 592 1561 aetherio
606 1512 719 1577 personat
736 1528 781 1562 axe
797 1512 896 1579 stagor!

274 1582 329 1633 Nec
348 1582 425 1635 levitis
439 1586 541 1635 laterum
556 1585 644 1635 tabule
660 1584 779 1635 seriuntur
794 1587 823 1634 ab
841 1584 928 1642 undis,

313 1654 393 1720 Qudm
409 1674 482 1725 greve
499 1656 587 1706 belliue
601 1659 688 1707 muenia
702 1658 778 1723 pulset
795 1672 865 1707 onus.

276 1728 326 1793 Qui
334 1730 402 1779 venit
411 1730 451 1778 hic
460 1728 560 1787 flut'lus,
570 1730 655 1779 nunus
666 1730 826 1795 supereminet
836 1746 936 1789 omnes;

232 1814 265 1860 50
313 1800 433 1851 Posterior
449 1816 516 1850 neno
533 1800 583 1859 est,
600 1802 776 1867 undecimoque
793 1804 868 1867 prior.

276 1873 330 1922 Nec
348 1875 426 1923 letum
437 1874 513 1922 timeo
526 1890 535 1922 r
550 1889 628 1940 genus
642 1872 676 1923 et
690 1874 823 1923 miserabile
840 1874 892 1925 leti.

310 1946 410 1996 Demite
426 1946 590 2014 naufragium,
607 1962 671 1997 mors
685 1947 743 1995 milri
757 1962 844 1997 munus
859 1947 918 1999 erit.

275 2017 315 2067 Esl
329 2020 436 2085 aliquid,
453 2020 537 2069 fatove
551 2019 595 2070 suo
610 2020 707 2070 ferrove
726 2020 855 2069 cedentem
938 2030 942 2037 “

313 2092 343 2141 ln
358 2092 433 2143 solidi
446 2094 551 2143 moriens
565 2109 659 2159 ponere
676 2109 764 2158 corpus
778 2094 868 2152 humet

234 2176 264 2224 55
278 2162 310 2214 Et
324 2167 436 2217 mandare
452 2166 499 2215 suit
515 2166 623 2232 aliquid,
639 2167 734 2231 sperare
748 2165 901 2231 sepulcrum,

250 2268 256 2282 ·
312 2236 345 2287 Et
361 2256 412 2288 non
426 2239 545 2303 aequoreis
560 2238 662 2302 piscibus
676 2237 722 2287 esl'e
740 2238 835 2291 cibum..

276 2310 371 2377 Fingite
385 2328 424 2360 me
440 2311 537 2377 dignum
552 2310 596 2359 tali
610 2324 693 2368 nece5
712 2326 761 2358 non
776 2326 824 2377 ego
838 2310 901 2361 soluts
981 2329 984 2340 ·

313 2382 361 2432 Hic
376 2385 464 2433 vehor.
475 2382 610 2431 immeritos
625 2398 668 2431 cur
682 2398 736 2431 mea
749 2398 820 2448 poena
835 2380 928 2433 trahit?

277 2452 324 2504 Pro
337 2454 345 2503 l
356 2455 459 2520 Superi,
469 2455 607 2519 viridesque
618 2454 667 2505 Dei
677 2489 685 2514 ,
697 2456 781 2522 quibus
791 2472 888 2522 aequora
899 2472 963 2505 curce
974 2454 984 2505 l

233 2524 267 2571 60
314 2528 426 2593 Utraque
442 2525 489 2592 jam
502 2525 591 2578 vestras
606 2526 679 2578 sistite
696 2530 766 2579 turba
779 2530 864 2579 minas.

275 2596 403 2665 Quamque
417 2598 484 2649 dedit
498 2598 574 2649 vitam
590 2601 714 2653 mitissima
730 2602 831 2653 Caesaris
846 2602 901 2661 ira,

313 2672 383 2722 Hanc
398 2672 471 2722 sinite
486 2670 570 2723 inselix
584 2675 609 2723 in
622 2676 677 2724 loca
690 2673 749 2741 julla
762 2674 848 2725 seram.

276 2742 301 2793 Si
311 2778 319 2802 ,
336 2762 406 2811 quam
416 2747 564 2801 commerui,
580 2764 675 2813 poenam
686 2764 724 2797 me
734 2750 843 2813 pendete
852 2743 928 2796 vultis·
937 2763 947 2804 3

184 2848 190 2875 t
314 2816 392 2883 Culpa
407 2834 461 2869 mea
474 2817 525 2876 est,
543 2820 596 2884 ipso
613 2818 711 2885 judice,
730 2834 807 2871 morte
824 2820 912 2870 minor.

232 2885 264 2948 65
277 2888 379 2941 Mittere
393 2908 432 2942 me
447 2892 542 2960 Stygias
556 2893 578 2941 si
591 2891 640 2957 jam
654 2891 764 2945 voluisset
775 2894 807 2942 'ad
821 2892 898 2942 undas

314 2963 410 3023 Cesar,
427 2966 451 3014 in
466 2965 514 3014 hoc
530 2964 607 3015 vestri
623 2982 672 3017 non
689 2964 789 3035 eguisset
808 2982 866 3032 ope.

277 3036 316 3086 Eli
331 3038 366 3087 illi
384 3037 457 3087 noslri
471 3054 520 3087 non
537 3037 652 3087 invidiosa
668 3040 760 3089 cruoris

314 3110 392 3178 Copia
404 3112 539 3179 :quodque
550 3111 631 3171 dedit,
644 3110 696 3162 edm
706 3113 790 3171 volet,
802 3110 851 3180 ipsc
863 3108 938 3159 seret·
