<?xml version="1.0" encoding="UTF-8"?>
<!DOCTYPE html PUBLIC "-//W3C//DTD XHTML 1.0 Transitional//EN"
    "http://www.w3.org/TR/xhtml1/DTD/xhtml1-transitional.dtd">
<html xmlns="http://www.w3.org/1999/xhtml" xml:lang="en" lang="en">
 <head>
  <title>
</title>
<meta http-equiv="Content-Type" content="text/html;charset=utf-8" />
  <meta name='ocr-system' content='tesseract 3.04.00' />
  <meta name='ocr-capabilities' content='ocr_page ocr_carea ocr_par ocr_line ocrx_word'/>
</head>
<body>
  <div class='ocr_page' id='page_1' title='image "./povidiinasoniso01heingoog_0313.png"; bbox 0 0 2367 3942; ppageno 0'>
   <div class='ocr_carea' id='block_1_1' title="bbox 322 422 959 523">
    <p class='ocr_par' dir='ltr' id='par_1_1' title="bbox 322 422 959 523">
     <span class='ocr_line' id='line_1_1' title="bbox 322 422 959 523; baseline -0.005 -28"><span class='ocrx_word' id='word_1_1' title='bbox 322 446 396 523; x_wconf 83' lang='lat'>312</span> <span class='ocrx_word' id='word_1_2' title='bbox 444 422 485 491; x_wconf 89' lang='lat' dir='ltr'>P.</span> <span class='ocrx_word' id='word_1_3' title='bbox 509 422 700 493; x_wconf 68' lang='lat' dir='ltr'>Orion</span> <span class='ocrx_word' id='word_1_4' title='bbox 726 422 959 492; x_wconf 68' lang='lat' dir='ltr'>Nasonis</span> 
     </span>
    </p>
   </div>
   <div class='ocr_carea' id='block_1_2' title="bbox 318 518 1034 607">
    <p class='ocr_par' dir='ltr' id='par_1_2' title="bbox 318 518 1034 607">
     <span class='ocr_line' id='line_1_2' title="bbox 318 518 1034 607; baseline -0.001 -12"><span class='ocrx_word' id='word_1_5' title='bbox 318 518 449 595; x_wconf 79' lang='lat' dir='ltr'>fortunam</span> <span class='ocrx_word' id='word_1_6' title='bbox 465 544 537 591; x_wconf 89' lang='lat' dir='ltr'>decet</span> <span class='ocrx_word' id='word_1_7' title='bbox 552 542 602 591; x_wconf 93' lang='lat' dir='ltr'>hoc</span> <span class='ocrx_word' id='word_1_8' title='bbox 615 542 704 591; x_wconf 84' lang='lat' dir='ltr'>istam.</span> <span class='ocrx_word' id='word_1_9' title='bbox 720 558 773 607; x_wconf 78' lang='lat' dir='ltr'>qnae</span> <span class='ocrx_word' id='word_1_10' title='bbox 791 542 894 590; x_wconf 84' lang='lat' dir='ltr'>maxima</span> <span class='ocrx_word' id='word_1_11' title='bbox 909 541 962 593; x_wconf 79' lang='lat' dir='ltr'>edm</span> <span class='ocrx_word' id='word_1_12' title='bbox 978 542 1034 602; x_wconf 88' lang='lat' dir='ltr'>sit,</span> 
     </span>
    </p>
   </div>
   <div class='ocr_carea' id='block_1_3' title="bbox 229 616 1033 2434">
    <p class='ocr_par' dir='ltr' id='par_1_3' title="bbox 229 616 1033 2434">
     <span class='ocr_line' id='line_1_3' title="bbox 355 616 907 683; baseline -0.002 -18"><span class='ocrx_word' id='word_1_13' title='bbox 355 616 407 666; x_wconf 72' lang='lat' dir='ltr'>Effe</span> <span class='ocrx_word' id='word_1_14' title='bbox 423 616 505 683; x_wconf 87' lang='lat' dir='ltr'>potest</span> <span class='ocrx_word' id='word_1_15' title='bbox 521 616 600 664; x_wconf 91' lang='lat' dir='ltr'>animo</span> <span class='ocrx_word' id='word_1_16' title='bbox 615 616 656 664; x_wconf 77' lang='lat' dir='ltr'>vix</span> <span class='ocrx_word' id='word_1_17' title='bbox 672 626 753 665; x_wconf 85' lang='lat' dir='ltr'>tamen</span> <span class='ocrx_word' id='word_1_18' title='bbox 769 631 837 679; x_wconf 83' lang='lat' dir='ltr'>aequa</span> <span class='ocrx_word' id='word_1_19' title='bbox 853 629 907 664; x_wconf 89' lang='lat' dir='ltr'>tuo.</span> 
     </span>
     <span class='ocr_line' id='line_1_4' title="bbox 229 687 969 757; baseline -0.009 -13"><span class='ocrx_word' id='word_1_20' title='bbox 229 749 235 757; x_wconf 40' lang='lat'>¹</span> <span class='ocrx_word' id='word_1_21' title='bbox 280 710 308 757; x_wconf 66' lang='grc' dir='ltr'>ις</span> <span class='ocrx_word' id='word_1_22' title='bbox 323 690 478 755; x_wconf 77' lang='lat' dir='ltr'>Conspicitur</span> <span class='ocrx_word' id='word_1_23' title='bbox 489 704 616 755; x_wconf 79' lang='lat' dir='ltr'>numquam</span> <span class='ocrx_word' id='word_1_24' title='bbox 631 687 734 737; x_wconf 84' lang='lat' dir='ltr'>meliore</span> <span class='ocrx_word' id='word_1_25' title='bbox 747 688 858 753; x_wconf 85' lang='lat' dir='ltr'>potentia</span> <span class='ocrx_word' id='word_1_26' title='bbox 876 688 969 749; x_wconf 82' lang='lat' dir='ltr'>causa,</span> 
     </span>
     <span class='ocr_line' id='line_1_5' title="bbox 356 760 950 828; baseline 0 -17"><span class='ocrx_word' id='word_1_27' title='bbox 356 764 436 827; x_wconf 78' lang='lat' dir='ltr'>Quim</span> <span class='ocrx_word' id='word_1_28' title='bbox 454 762 550 828; x_wconf 87' lang='lat' dir='ltr'>quoties</span> <span class='ocrx_word' id='word_1_29' title='bbox 564 778 637 811; x_wconf 86' lang='lat' dir='ltr'>vanas</span> <span class='ocrx_word' id='word_1_30' title='bbox 653 778 702 811; x_wconf 92' lang='lat' dir='ltr'>non</span> <span class='ocrx_word' id='word_1_31' title='bbox 718 760 775 809; x_wconf 88' lang='lat' dir='ltr'>sinit</span> <span class='ocrx_word' id='word_1_32' title='bbox 788 760 836 809; x_wconf 82' lang='lat' dir='ltr'>elle</span> <span class='ocrx_word' id='word_1_33' title='bbox 851 778 950 827; x_wconf 82' lang='lat' dir='ltr'>preces.</span> 
     </span>
     <span class='ocr_line' id='line_1_6' title="bbox 319 834 946 903; baseline -0.006 -16"><span class='ocrx_word' id='word_1_34' title='bbox 319 838 377 887; x_wconf 87' lang='lat' dir='ltr'>lioc</span> <span class='ocrx_word' id='word_1_35' title='bbox 392 837 458 887; x_wconf 81' lang='lat' dir='ltr'>nitor</span> <span class='ocrx_word' id='word_1_36' title='bbox 472 837 514 885; x_wconf 93' lang='lat' dir='ltr'>ille</span> <span class='ocrx_word' id='word_1_37' title='bbox 530 836 567 884; x_wconf 88' lang='lat' dir='ltr'>tui</span> <span class='ocrx_word' id='word_1_38' title='bbox 583 834 678 903; x_wconf 82' lang='lat' dir='ltr'>generis</span> <span class='ocrx_word' id='word_1_39' title='bbox 693 834 814 884; x_wconf 83' lang='lat' dir='ltr'>desiderat</span> <span class='ocrx_word' id='word_1_40' title='bbox 826 850 835 884; x_wconf 76' lang='lat' dir='ltr'><em>z</em></span> <span class='ocrx_word' id='word_1_41' title='bbox 846 834 895 885; x_wconf 86' lang='lat' dir='ltr'>hoc</span> <span class='ocrx_word' id='word_1_42' title='bbox 910 834 946 885; x_wconf 83' lang='lat' dir='ltr'>eli</span> 
     </span>
     <span class='ocr_line' id='line_1_7' title="bbox 289 907 806 975; baseline -0.008 -16"><span class='ocrx_word' id='word_1_43' title='bbox 289 907 303 939; x_wconf 76' lang='lat' dir='ltr'><em>t</em></span> <span class='ocrx_word' id='word_1_44' title='bbox 357 910 379 959; x_wconf 99' lang='lat' dir='ltr'>A</span> <span class='ocrx_word' id='word_1_45' title='bbox 396 910 493 975; x_wconf 77' lang='lat' dir='ltr'>Superis</span> <span class='ocrx_word' id='word_1_46' title='bbox 510 920 572 957; x_wconf 79' lang='lat' dir='ltr'>ortae</span> <span class='ocrx_word' id='word_1_47' title='bbox 588 908 719 957; x_wconf 71' lang='lat' dir='ltr'>nobilitatis</span> <span class='ocrx_word' id='word_1_48' title='bbox 736 924 806 973; x_wconf 88' lang='lat' dir='ltr'>opus.</span> 
     </span>
     <span class='ocr_line' id='line_1_8' title="bbox 319 978 1032 1049; baseline -0.003 -16"><span class='ocrx_word' id='word_1_49' title='bbox 319 984 376 1033; x_wconf 86' lang='lat' dir='ltr'>Hoc</span> <span class='ocrx_word' id='word_1_50' title='bbox 393 984 437 1032; x_wconf 89' lang='lat' dir='ltr'>tibi</span> <span class='ocrx_word' id='word_1_51' title='bbox 450 982 475 1032; x_wconf 77' lang='grc' dir='ltr'>δι</span> <span class='ocrx_word' id='word_1_52' title='bbox 486 982 638 1047; x_wconf 82' lang='lat' dir='ltr'>Eumolpus,</span> <span class='ocrx_word' id='word_1_53' title='bbox 656 980 750 1049; x_wconf 83' lang='lat' dir='ltr'>generis</span> <span class='ocrx_word' id='word_1_54' title='bbox 766 978 911 1030; x_wconf 77' lang='lat' dir='ltr'>clarissimus</span> <span class='ocrx_word' id='word_1_55' title='bbox 928 978 1032 1040; x_wconf 76' lang='lat' dir='ltr'>aullor,</span> 
     </span>
     <span class='ocr_line' id='line_1_9' title="bbox 276 1052 943 1121; baseline -0.003 -17"><span class='ocrx_word' id='word_1_56' title='bbox 276 1076 311 1109; x_wconf 83' lang='lat'>20</span> <span class='ocrx_word' id='word_1_57' title='bbox 360 1056 406 1115; x_wconf 84' lang='lat' dir='ltr'>Et,</span> <span class='ocrx_word' id='word_1_58' title='bbox 423 1056 490 1120; x_wconf 89' lang='lat' dir='ltr'>prior</span> <span class='ocrx_word' id='word_1_59' title='bbox 501 1056 645 1121; x_wconf 72' lang='lat' dir='ltr'>Eumolpo,</span> <span class='ocrx_word' id='word_1_60' title='bbox 662 1054 746 1103; x_wconf 81' lang='lat' dir='ltr'>suadet</span> <span class='ocrx_word' id='word_1_61' title='bbox 762 1052 943 1103; x_wconf 82' lang='lat' dir='ltr'>Erichthonius.</span> 
     </span>
     <span class='ocr_line' id='line_1_10' title="bbox 321 1126 1033 1194; baseline -0.003 -16"><span class='ocrx_word' id='word_1_62' title='bbox 321 1130 377 1179; x_wconf 84' lang='lat' dir='ltr'>Hoc</span> <span class='ocrx_word' id='word_1_63' title='bbox 393 1140 474 1177; x_wconf 83' lang='lat' dir='ltr'>tecum</span> <span class='ocrx_word' id='word_1_64' title='bbox 492 1144 619 1177; x_wconf 88' lang='lat' dir='ltr'>commune</span> <span class='ocrx_word' id='word_1_65' title='bbox 635 1128 693 1176; x_wconf 88' lang='lat' dir='ltr'>Deo</span> <span class='ocrx_word' id='word_1_66' title='bbox 706 1144 714 1176; x_wconf 73' lang='grc' dir='ltr'><strong><em>ε</em></strong></span> <span class='ocrx_word' id='word_1_67' title='bbox 727 1126 792 1191; x_wconf 90' lang='lat' dir='ltr'>quod</span> <span class='ocrx_word' id='word_1_68' title='bbox 808 1138 913 1192; x_wconf 86' lang='lat' dir='ltr'>uterque</span> <span class='ocrx_word' id='word_1_69' title='bbox 931 1127 1033 1194; x_wconf 76' lang='lat' dir='ltr'>rogati,</span> 
     </span>
     <span class='ocr_line' id='line_1_11' title="bbox 356 1197 942 1267; baseline -0.009 -17"><span class='ocrx_word' id='word_1_70' title='bbox 356 1202 509 1267; x_wconf 87' lang='lat' dir='ltr'>Supplicihus</span> <span class='ocrx_word' id='word_1_71' title='bbox 523 1200 690 1249; x_wconf 80' lang='lat' dir='ltr'>vestris-ferre</span> <span class='ocrx_word' id='word_1_72' title='bbox 703 1197 783 1247; x_wconf 87' lang='lat' dir='ltr'>soletis</span> <span class='ocrx_word' id='word_1_73' title='bbox 799 1216 880 1264; x_wconf 87' lang='lat' dir='ltr'>opem.</span> <span class='ocrx_word' id='word_1_74' title='bbox 939 1210 942 1218; x_wconf 88' lang='grc'><em>“</em></span> 
     </span>
     <span class='ocr_line' id='line_1_12' title="bbox 320 1272 960 1340; baseline -0.006 -15"><span class='ocrx_word' id='word_1_75' title='bbox 320 1275 444 1340; x_wconf 86' lang='lat' dir='ltr'>Numquid</span> <span class='ocrx_word' id='word_1_76' title='bbox 459 1274 525 1331; x_wconf 86' lang='lat' dir='ltr'>erit,</span> <span class='ocrx_word' id='word_1_77' title='bbox 546 1288 620 1338; x_wconf 89' lang='lat' dir='ltr'>quare</span> <span class='ocrx_word' id='word_1_78' title='bbox 637 1273 707 1321; x_wconf 85' lang='lat' dir='ltr'>solito</span> <span class='ocrx_word' id='word_1_79' title='bbox 723 1272 848 1337; x_wconf 84' lang='lat' dir='ltr'>dignemur</span> <span class='ocrx_word' id='word_1_80' title='bbox 861 1272 960 1321; x_wconf 82' lang='lat' dir='ltr'>honore</span> 
     </span>
     <span class='ocr_line' id='line_1_13' title="bbox 357 1342 910 1411; baseline -0.008 -14"><span class='ocrx_word' id='word_1_81' title='bbox 357 1348 482 1405; x_wconf 83' lang='lat' dir='ltr'>Numina,</span> <span class='ocrx_word' id='word_1_82' title='bbox 500 1346 521 1395; x_wconf 89' lang='lat' dir='ltr'>si</span> <span class='ocrx_word' id='word_1_83' title='bbox 538 1347 619 1395; x_wconf 86' lang='lat' dir='ltr'>demas</span> <span class='ocrx_word' id='word_1_84' title='bbox 633 1345 721 1394; x_wconf 78' lang='lat' dir='ltr'>velle&#39;</span> <span class='ocrx_word' id='word_1_85' title='bbox 715 1360 798 1411; x_wconf 69' lang='lat' dir='ltr'>juvare</span> <span class='ocrx_word' id='word_1_86' title='bbox 812 1342 910 1393; x_wconf 83' lang='lat' dir='ltr'>Deos²</span> 
     </span>
     <span class='ocr_line' id='line_1_14' title="bbox 277 1418 893 1491; baseline -0.017 -16"><span class='ocrx_word' id='word_1_87' title='bbox 277 1442 310 1491; x_wconf 86' lang='lat'>²5</span> <span class='ocrx_word' id='word_1_88' title='bbox 322 1421 433 1487; x_wconf 86' lang='lat' dir='ltr'>luppiter</span> <span class='ocrx_word' id='word_1_89' title='bbox 449 1420 528 1469; x_wconf 80' lang='lat' dir='ltr'>oranti</span> <span class='ocrx_word' id='word_1_90' title='bbox 546 1418 662 1468; x_wconf 89' lang='lat' dir='ltr'>surdas</span> <span class='ocrx_word' id='word_1_91' title='bbox 643 1436 663 1468; x_wconf 83' lang='lat' dir='ltr'>si</span> <span class='ocrx_word' id='word_1_92' title='bbox 679 1419 786 1483; x_wconf 81' lang='lat' dir='ltr'>praebeat</span> <span class='ocrx_word' id='word_1_93' title='bbox 802 1434 893 1473; x_wconf 91' lang='lat' dir='ltr'>aures,</span> 
     </span>
     <span class='ocr_line' id='line_1_15' title="bbox 358 1486 950 1557; baseline -0.005 -15"><span class='ocrx_word' id='word_1_94' title='bbox 358 1493 463 1543; x_wconf 77' lang='lat' dir='ltr'>Vifflma</span> <span class='ocrx_word' id='word_1_95' title='bbox 480 1508 525 1557; x_wconf 87' lang='lat' dir='ltr'>pro</span> <span class='ocrx_word' id='word_1_96' title='bbox 541 1493 633 1557; x_wconf 89' lang='lat' dir='ltr'>templo</span> <span class='ocrx_word' id='word_1_97' title='bbox 650 1508 693 1541; x_wconf 91' lang='lat' dir='ltr'>cur</span> <span class='ocrx_word' id='word_1_98' title='bbox 709 1490 779 1539; x_wconf 86' lang='lat' dir='ltr'>cadat</span> <span class='ocrx_word' id='word_1_99' title='bbox 793 1490 838 1539; x_wconf 74' lang='lat' dir='ltr'>itia</span> <span class='ocrx_word' id='word_1_100' title='bbox 853 1486 950 1541; x_wconf 78' lang='lat' dir='ltr'>Jovisi</span> 
     </span>
     <span class='ocr_line' id='line_1_16' title="bbox 322 1562 952 1632; baseline -0.011 -15"><span class='ocrx_word' id='word_1_101' title='bbox 322 1568 346 1617; x_wconf 88' lang='lat' dir='ltr'>Si</span> <span class='ocrx_word' id='word_1_102' title='bbox 363 1583 448 1632; x_wconf 82' lang='lat' dir='ltr'>pacem</span> <span class='ocrx_word' id='word_1_103' title='bbox 466 1566 554 1615; x_wconf 84' lang='lat' dir='ltr'>nullam</span> <span class='ocrx_word' id='word_1_104' title='bbox 571 1565 663 1616; x_wconf 81' lang='lat' dir='ltr'>Pontus</span> <span class='ocrx_word' id='word_1_105' title='bbox 679 1564 737 1613; x_wconf 85' lang='lat' dir='ltr'>mihi</span> <span class='ocrx_word' id='word_1_106' title='bbox 751 1562 846 1629; x_wconf 76' lang='lat' dir='ltr'>praestet</span> <span class='ocrx_word' id='word_1_107' title='bbox 862 1563 952 1622; x_wconf 84' lang='lat' dir='ltr'>eunti,</span> 
     </span>
     <span class='ocr_line' id='line_1_17' title="bbox 359 1633 867 1705; baseline -0.01 -16"><span class='ocrx_word' id='word_1_108' title='bbox 359 1640 429 1689; x_wconf 85' lang='lat' dir='ltr'>Irrita</span> <span class='ocrx_word' id='word_1_109' title='bbox 445 1640 562 1705; x_wconf 86' lang='lat' dir='ltr'>Neptuno</span> <span class='ocrx_word' id='word_1_110' title='bbox 579 1656 622 1688; x_wconf 90' lang='lat' dir='ltr'>cur</span> <span class='ocrx_word' id='word_1_111' title='bbox 638 1656 686 1705; x_wconf 86' lang='lat' dir='ltr'>ego</span> <span class='ocrx_word' id='word_1_112' title='bbox 699 1649 753 1686; x_wconf 82' lang='lat' dir='ltr'>tura</span> <span class='ocrx_word' id='word_1_113' title='bbox 768 1633 867 1685; x_wconf 74' lang='lat' dir='ltr'>feram?</span> 
     </span>
     <span class='ocr_line' id='line_1_18' title="bbox 322 1710 851 1766; baseline -0.011 -3"><span class='ocrx_word' id='word_1_114' title='bbox 322 1712 393 1763; x_wconf 76' lang='lat' dir='ltr'>Vana</span> <span class='ocrx_word' id='word_1_115' title='bbox 409 1712 539 1761; x_wconf 85' lang='lat' dir='ltr'>laborantis</span> <span class='ocrx_word' id='word_1_116' title='bbox 557 1712 578 1759; x_wconf 90' lang='lat' dir='ltr'>si</span> <span class='ocrx_word' id='word_1_117' title='bbox 594 1712 662 1760; x_wconf 81' lang='lat' dir='ltr'>fallat</span> <span class='ocrx_word' id='word_1_118' title='bbox 676 1724 734 1760; x_wconf 85' lang='lat' dir='ltr'>vota</span> <span class='ocrx_word' id='word_1_119' title='bbox 751 1710 851 1766; x_wconf 81' lang='lat' dir='ltr'>coloni,</span> 
     </span>
     <span class='ocr_line' id='line_1_19' title="bbox 281 1779 933 1852; baseline -0.008 -18"><span class='ocrx_word' id='word_1_120' title='bbox 281 1802 314 1852; x_wconf 83' lang='lat'>30</span> <span class='ocrx_word' id='word_1_121' title='bbox 362 1784 474 1851; x_wconf 84' lang='lat' dir='ltr'>Accipiat</span> <span class='ocrx_word' id='word_1_122' title='bbox 490 1784 596 1850; x_wconf 67' lang='lat' dir='ltr'>gravide</span> <span class='ocrx_word' id='word_1_123' title='bbox 612 1800 656 1832; x_wconf 85' lang='lat' dir='ltr'>cur</span> <span class='ocrx_word' id='word_1_124' title='bbox 672 1784 719 1833; x_wconf 87' lang='lat' dir='ltr'>suis</span> <span class='ocrx_word' id='word_1_125' title='bbox 735 1794 810 1837; x_wconf 83' lang='lat' dir='ltr'>exta,</span> <span class='ocrx_word' id='word_1_126' title='bbox 825 1779 933 1831; x_wconf 80' lang='lat' dir='ltr'>Ceres?</span> 
     </span>
     <span class='ocr_line' id='line_1_20' title="bbox 322 1854 1008 1940; baseline -0.006 -31"><span class='ocrx_word' id='word_1_127' title='bbox 322 1859 377 1909; x_wconf 88' lang='lat' dir='ltr'>Nec</span> <span class='ocrx_word' id='word_1_128' title='bbox 395 1856 459 1907; x_wconf 83' lang='lat' dir='ltr'>dabit</span> <span class='ocrx_word' id='word_1_129' title='bbox 475 1856 571 1907; x_wconf 86' lang='lat' dir='ltr'>intonso</span> <span class='ocrx_word' id='word_1_130' title='bbox 587 1855 696 1940; x_wconf 77' lang='lat' dir='ltr'>jugulum</span> <span class='ocrx_word' id='word_1_131' title='bbox 714 1872 787 1921; x_wconf 87' lang='lat' dir='ltr'>caper</span> <span class='ocrx_word' id='word_1_132' title='bbox 800 1854 873 1904; x_wconf 84' lang='lat' dir='ltr'>hollia</span> <span class='ocrx_word' id='word_1_133' title='bbox 887 1854 1008 1912; x_wconf 81' lang='lat' dir='ltr'>Baccho,</span> 
     </span>
     <span class='ocr_line' id='line_1_21' title="bbox 359 1928 908 1995; baseline -0.004 -16"><span class='ocrx_word' id='word_1_134' title='bbox 359 1928 438 1979; x_wconf 83' lang='lat' dir='ltr'>Musta</span> <span class='ocrx_word' id='word_1_135' title='bbox 454 1929 495 1979; x_wconf 86' lang='lat' dir='ltr'>sub</span> <span class='ocrx_word' id='word_1_136' title='bbox 510 1928 648 1977; x_wconf 68' lang='lat' dir='ltr'>addullo&#39;</span> <span class='ocrx_word' id='word_1_137' title='bbox 629 1946 649 1978; x_wconf 88' lang='lat' dir='ltr'>s1</span> <span class='ocrx_word' id='word_1_138' title='bbox 664 1928 726 1995; x_wconf 90' lang='lat' dir='ltr'>pede</span> <span class='ocrx_word' id='word_1_139' title='bbox 742 1930 807 1977; x_wconf 88' lang='lat' dir='ltr'>nulla</span> <span class='ocrx_word' id='word_1_140' title='bbox 825 1928 908 1977; x_wconf 86' lang='lat' dir='ltr'>liuant.</span> 
     </span>
     <span class='ocr_line' id='line_1_22' title="bbox 325 1992 980 2069; baseline -0.008 -14"><span class='ocrx_word' id='word_1_141' title='bbox 325 2002 404 2055; x_wconf 81' lang='lat' dir='ltr'>Caesar</span> <span class='ocrx_word' id='word_1_142' title='bbox 422 2014 449 2053; x_wconf 93' lang='lat' dir='ltr'>ut</span> <span class='ocrx_word' id='word_1_143' title='bbox 466 1992 558 2069; x_wconf 81' lang='lat' dir='ltr'>imperii</span> <span class='ocrx_word' id='word_1_144' title='bbox 551 2003 711 2052; x_wconf 85' lang='lat' dir='ltr'>&#39;moderetur</span> <span class='ocrx_word' id='word_1_145' title='bbox 726 2002 811 2059; x_wconf 82' lang='lat' dir='ltr'>frena,</span> <span class='ocrx_word' id='word_1_146' title='bbox 831 2017 980 2067; x_wconf 85' lang='lat' dir='ltr'>precamur,</span> 
     </span>
     <span class='ocr_line' id='line_1_23' title="bbox 362 2074 919 2143; baseline -0.004 -18"><span class='ocrx_word' id='word_1_147' title='bbox 362 2076 422 2126; x_wconf 86' lang='lat' dir='ltr'>Tam</span> <span class='ocrx_word' id='word_1_148' title='bbox 437 2078 501 2127; x_wconf 87' lang='lat' dir='ltr'>bene</span> <span class='ocrx_word' id='word_1_149' title='bbox 519 2093 566 2143; x_wconf 91' lang='lat' dir='ltr'>quo</span> <span class='ocrx_word' id='word_1_150' title='bbox 584 2079 668 2141; x_wconf 81' lang='lat' dir='ltr'>patriae</span> <span class='ocrx_word' id='word_1_151' title='bbox 686 2076 789 2125; x_wconf 82' lang='lat' dir='ltr'>consulit</span> <span class='ocrx_word' id='word_1_152' title='bbox 805 2075 846 2124; x_wconf 86' lang='lat' dir='ltr'>ille</span> <span class='ocrx_word' id='word_1_153' title='bbox 862 2074 919 2123; x_wconf 83' lang='lat' dir='ltr'>suae.</span> 
     </span>
     <span class='ocr_line' id='line_1_24' title="bbox 282 2146 938 2217; baseline -0.009 -15"><span class='ocrx_word' id='word_1_154' title='bbox 282 2164 294 2215; x_wconf 80' lang='lat'>3</span> <span class='ocrx_word' id='word_1_155' title='bbox 302 2166 313 2213; x_wconf 91' lang='lat'><em>5</em></span> <span class='ocrx_word' id='word_1_156' title='bbox 329 2150 427 2202; x_wconf 81' lang='lat' dir='ltr'>Utilitas</span> <span class='ocrx_word' id='word_1_157' title='bbox 441 2150 514 2217; x_wconf 82' lang='lat' dir='ltr'>igitur</span> <span class='ocrx_word' id='word_1_158' title='bbox 528 2155 628 2215; x_wconf 81' lang='lat' dir='ltr'>magnos</span> <span class='ocrx_word' id='word_1_159' title='bbox 643 2149 802 2214; x_wconf 85' lang='lat' dir='ltr'>hominesque</span> <span class='ocrx_word' id='word_1_160' title='bbox 816 2146 938 2213; x_wconf 86' lang='lat' dir='ltr'>Deosque</span> 
     </span>
     <span class='ocr_line' id='line_1_25' title="bbox 363 2219 868 2304; baseline -0.002 -33"><span class='ocrx_word' id='word_1_161' title='bbox 363 2221 464 2280; x_wconf 81' lang='lat' dir='ltr'>Efficit;</span> <span class='ocrx_word' id='word_1_162' title='bbox 478 2222 571 2271; x_wconf 84' lang='lat' dir='ltr'>auxiliis</span> <span class='ocrx_word' id='word_1_163' title='bbox 588 2236 684 2304; x_wconf 79' lang='lat' dir='ltr'>quoque</span> <span class='ocrx_word' id='word_1_164' title='bbox 699 2221 796 2271; x_wconf 81' lang='lat' dir='ltr'>favente</span> <span class='ocrx_word' id='word_1_165' title='bbox 813 2219 868 2270; x_wconf 85' lang='lat' dir='ltr'>suis.</span> 
     </span>
     <span class='ocr_line' id='line_1_26' title="bbox 325 2284 972 2361; baseline -0.006 -16"><span class='ocrx_word' id='word_1_166' title='bbox 325 2296 365 2345; x_wconf 91' lang='lat' dir='ltr'>Tu</span> <span class='ocrx_word' id='word_1_167' title='bbox 382 2312 477 2361; x_wconf 88' lang='lat' dir='ltr'>quoque</span> <span class='ocrx_word' id='word_1_168' title='bbox 493 2294 530 2343; x_wconf 83' lang='lat' dir='ltr'>fac</span> <span class='ocrx_word' id='word_1_169' title='bbox 546 2293 624 2359; x_wconf 85' lang='lat' dir='ltr'>prosis</span> <span class='ocrx_word' id='word_1_170' title='bbox 639 2293 701 2342; x_wconf 88' lang='lat' dir='ltr'>intra</span> <span class='ocrx_word' id='word_1_171' title='bbox 717 2306 758 2343; x_wconf 89' lang='lat' dir='ltr'>tua</span> <span class='ocrx_word' id='word_1_172' title='bbox 774 2284 867 2343; x_wconf 80' lang='lat' dir='ltr'>castra</span> <span class='ocrx_word' id='word_1_173' title='bbox 858 2286 972 2358; x_wconf 75' lang='lat' dir='ltr'>jacenti,</span> 
     </span>
     <span class='ocr_line' id='line_1_27' title="bbox 363 2364 910 2434; baseline -0.006 -17"><span class='ocrx_word' id='word_1_174' title='bbox 363 2364 389 2417; x_wconf 84' lang='grc' dir='ltr'>Ο’</span> <span class='ocrx_word' id='word_1_175' title='bbox 405 2366 492 2434; x_wconf 88' lang='lat' dir='ltr'>Coty!</span> <span class='ocrx_word' id='word_1_176' title='bbox 509 2366 637 2431; x_wconf 84' lang='lat' dir='ltr'>progenies</span> <span class='ocrx_word' id='word_1_177' title='bbox 655 2368 725 2433; x_wconf 83' lang='lat' dir='ltr'>digna</span> <span class='ocrx_word' id='word_1_178' title='bbox 741 2378 841 2431; x_wconf 88' lang='lat' dir='ltr'>parente</span> <span class='ocrx_word' id='word_1_179' title='bbox 855 2378 910 2415; x_wconf 90' lang='lat' dir='ltr'>tuo.</span> 
     </span>
    </p>
   </div>
   <div class='ocr_carea' id='block_1_4' title="bbox 237 2434 1038 2503">
    <p class='ocr_par' dir='ltr' id='par_1_4' title="bbox 237 2434 1038 2503">
     <span class='ocr_line' id='line_1_28' title="bbox 237 2434 1038 2503; baseline -0.002 -14"><span class='ocrx_word' id='word_1_180' title='bbox 237 2442 240 2449; x_wconf 85' lang='lat'>&#39;</span> <span class='ocrx_word' id='word_1_181' title='bbox 327 2440 483 2489; x_wconf 78' lang='lat' dir='ltr'>Conveniens</span> <span class='ocrx_word' id='word_1_182' title='bbox 493 2434 583 2486; x_wconf 75' lang='lat' dir='ltr'>hoinini</span> <span class='ocrx_word' id='word_1_183' title='bbox 594 2438 641 2494; x_wconf 87' lang='lat' dir='ltr'>ell,</span> <span class='ocrx_word' id='word_1_184' title='bbox 653 2440 773 2489; x_wconf 83' lang='lat' dir='ltr'>hominem</span> <span class='ocrx_word' id='word_1_185' title='bbox 785 2439 895 2497; x_wconf 76' lang='lat' dir='ltr'>seruare,</span> <span class='ocrx_word' id='word_1_186' title='bbox 905 2439 1038 2503; x_wconf 74' lang='lat' dir='ltr'>voluptast</span> 
     </span>
    </p>
   </div>
   <div class='ocr_carea' id='block_1_5' title="bbox 281 2503 1018 3157">
    <p class='ocr_par' dir='ltr' id='par_1_5' title="bbox 281 2503 1018 3157">
     <span class='ocr_line' id='line_1_29' title="bbox 281 2503 869 2576; baseline -0.007 -13"><span class='ocrx_word' id='word_1_187' title='bbox 281 2530 316 2576; x_wconf 81' lang='lat'>40</span> <span class='ocrx_word' id='word_1_188' title='bbox 364 2512 395 2560; x_wconf 86' lang='lat' dir='ltr'>Et</span> <span class='ocrx_word' id='word_1_189' title='bbox 411 2507 494 2558; x_wconf 72' lang='lat' dir='ltr'>melitis</span> <span class='ocrx_word' id='word_1_190' title='bbox 510 2505 575 2557; x_wconf 69' lang='lat' dir='ltr'>nulli</span> <span class='ocrx_word' id='word_1_191' title='bbox 592 2503 707 2575; x_wconf 75' lang='lat' dir='ltr'>quaeritur</span> <span class='ocrx_word' id='word_1_192' title='bbox 721 2524 773 2563; x_wconf 89' lang='lat' dir='ltr'>arte</span> <span class='ocrx_word' id='word_1_193' title='bbox 784 2512 869 2560; x_wconf 78' lang='lat' dir='ltr'>lavor.</span> 
     </span>
     <span class='ocr_line' id='line_1_30' title="bbox 327 2578 1018 2651; baseline 0.004 -19"><span class='ocrx_word' id='word_1_194' title='bbox 327 2580 399 2647; x_wconf 85' lang='lat' dir='ltr'>Quis</span> <span class='ocrx_word' id='word_1_195' title='bbox 400 2598 449 2632; x_wconf 91' lang='lat' dir='ltr'>non</span> <span class='ocrx_word' id='word_1_196' title='bbox 461 2581 613 2647; x_wconf 79' lang='lat' dir='ltr'>Antiphaten</span> <span class='ocrx_word' id='word_1_197' title='bbox 619 2582 762 2651; x_wconf 79' lang='lat' dir='ltr'>Laellrigonn</span> <span class='ocrx_word' id='word_1_198' title='bbox 774 2578 896 2633; x_wconf 73' lang='lat' dir='ltr'>devovet’</span> <span class='ocrx_word' id='word_1_199' title='bbox 910 2594 952 2633; x_wconf 86' lang='lat' dir='ltr'>aut</span> <span class='ocrx_word' id='word_1_200' title='bbox 963 2580 1018 2649; x_wconf 76' lang='lat' dir='ltr'>quis</span> 
     </span>
     <span class='ocr_line' id='line_1_31' title="bbox 360 2653 872 2721; baseline -0.002 -17"><span class='ocrx_word' id='word_1_201' title='bbox 360 2653 472 2704; x_wconf 87' lang='lat' dir='ltr'>Munifici</span> <span class='ocrx_word' id='word_1_202' title='bbox 483 2659 568 2704; x_wconf 80' lang='lat' dir='ltr'>mores</span> <span class='ocrx_word' id='word_1_203' title='bbox 585 2654 705 2721; x_wconf 78' lang='lat' dir='ltr'>improbat</span> <span class='ocrx_word' id='word_1_204' title='bbox 721 2653 872 2710; x_wconf 67' lang='lat' dir='ltr'>Alcinoil‘</span> 
     </span>
     <span class='ocr_line' id='line_1_32' title="bbox 325 2724 1017 2799; baseline 0.001 -21"><span class='ocrx_word' id='word_1_205' title='bbox 325 2728 383 2778; x_wconf 93' lang='lat' dir='ltr'>Non</span> <span class='ocrx_word' id='word_1_206' title='bbox 396 2727 442 2777; x_wconf 89' lang='lat' dir='ltr'>tibi</span> <span class='ocrx_word' id='word_1_207' title='bbox 452 2724 608 2782; x_wconf 82' lang='lat' dir='ltr'>Callandreus</span> <span class='ocrx_word' id='word_1_208' title='bbox 619 2743 703 2799; x_wconf 85' lang='lat' dir='ltr'>pater</span> <span class='ocrx_word' id='word_1_209' title='bbox 698 2728 749 2784; x_wconf 85' lang='lat' dir='ltr'>ell&#39;,</span> <span class='ocrx_word' id='word_1_210' title='bbox 761 2728 876 2795; x_wconf 77' lang='lat' dir='ltr'>¹gentisve</span> <span class='ocrx_word' id='word_1_211' title='bbox 886 2728 1017 2787; x_wconf 71' lang='lat' dir='ltr'>Pheraea23</span> 
     </span>
     <span class='ocr_line' id='line_1_33' title="bbox 363 2795 856 2865; baseline -0.002 -15"><span class='ocrx_word' id='word_1_212' title='bbox 363 2800 445 2864; x_wconf 83' lang='lat' dir='ltr'>Quive</span> <span class='ocrx_word' id='word_1_213' title='bbox 462 2813 613 2865; x_wconf 85' lang='lat' dir='ltr'>repertorem</span> <span class='ocrx_word' id='word_1_214' title='bbox 627 2795 715 2852; x_wconf 86' lang='lat' dir='ltr'>torruit</span> <span class='ocrx_word' id='word_1_215' title='bbox 730 2814 781 2850; x_wconf 82' lang='lat' dir='ltr'>arte</span> <span class='ocrx_word' id='word_1_216' title='bbox 798 2801 856 2851; x_wconf 87' lang='lat' dir='ltr'>sua·</span> 
     </span>
     <span class='ocr_line' id='line_1_34' title="bbox 283 2870 1006 2941; baseline -0.003 -16"><span class='ocrx_word' id='word_1_217' title='bbox 283 2890 315 2939; x_wconf 83' lang='lat'>45</span> <span class='ocrx_word' id='word_1_218' title='bbox 330 2874 439 2925; x_wconf 77' lang='lat' dir='ltr'>Sedi</span> <span class='ocrx_word' id='word_1_219' title='bbox 395 2878 439 2941; x_wconf 78' lang='lat' dir='ltr'>qui</span> <span class='ocrx_word' id='word_1_220' title='bbox 441 2892 464 2923; x_wconf 88' lang='lat' dir='ltr'>m</span> <span class='ocrx_word' id='word_1_221' title='bbox 479 2870 589 2924; x_wconf 84' lang='lat' dir='ltr'>Martef</span> <span class='ocrx_word' id='word_1_222' title='bbox 578 2874 666 2931; x_wconf 79' lang='lat' dir='ltr'>ferox,</span> <span class='ocrx_word' id='word_1_223' title='bbox 684 2876 709 2924; x_wconf 74' lang='lat'>8&lt;</span> <span class='ocrx_word' id='word_1_224' title='bbox 725 2874 788 2924; x_wconf 82' lang='lat' dir='ltr'>vinci</span> <span class='ocrx_word' id='word_1_225' title='bbox 781 2874 896 2925; x_wconf 88' lang='lat' dir='ltr'>&#39;nelcius</span> <span class='ocrx_word' id='word_1_226' title='bbox 912 2874 1006 2933; x_wconf 87' lang='lat' dir='ltr'>armis,</span> 
     </span>
     <span class='ocr_line' id='line_1_35' title="bbox 361 2947 974 3013; baseline 0.003 -16"><span class='ocrx_word' id='word_1_227' title='bbox 361 2948 422 2997; x_wconf 87' lang='lat' dir='ltr'>Tam</span> <span class='ocrx_word' id='word_1_228' title='bbox 440 2960 584 3013; x_wconf 85' lang='lat' dir='ltr'>numquam,</span> <span class='ocrx_word' id='word_1_229' title='bbox 602 2947 662 3002; x_wconf 68' lang='lat' dir='ltr'>falti</span> <span class='ocrx_word' id='word_1_230' title='bbox 679 2964 757 3013; x_wconf 81' lang='lat' dir='ltr'>pace,</span> <span class='ocrx_word' id='word_1_231' title='bbox 774 2948 866 2998; x_wconf 91' lang='lat' dir='ltr'>cruoris</span> <span class='ocrx_word' id='word_1_232' title='bbox 883 2964 974 2999; x_wconf 80' lang='lat' dir='ltr'>amans.</span> 
     </span>
     <span class='ocr_line' id='line_1_36' title="bbox 326 3015 970 3087; baseline -0.002 -15"><span class='ocrx_word' id='word_1_233' title='bbox 326 3016 414 3078; x_wconf 85' lang='lat' dir='ltr'>Adde,</span> <span class='ocrx_word' id='word_1_234' title='bbox 432 3016 495 3087; x_wconf 84' lang='lat' dir='ltr'>qnod</span> <span class='ocrx_word' id='word_1_235' title='bbox 513 3020 629 3087; x_wconf 81' lang='lat' dir='ltr'>ingenuas</span> <span class='ocrx_word' id='word_1_236' title='bbox 645 3015 753 3070; x_wconf 78' lang='lat' dir='ltr'>didicisse</span> <span class='ocrx_word' id='word_1_237' title='bbox 763 3018 867 3070; x_wconf 78' lang='lat' dir='ltr'>fideliter</span> <span class='ocrx_word' id='word_1_238' title='bbox 884 3034 970 3077; x_wconf 85' lang='lat' dir='ltr'>artes,</span> 
     </span>
     <span class='ocr_line' id='line_1_37' title="bbox 363 3092 955 3157; baseline 0.008 -12"><span class='ocrx_word' id='word_1_239' title='bbox 363 3092 576 3157; x_wconf 76' lang='lat' dir='ltr'>Emollitmores,</span> <span class='ocrx_word' id='word_1_240' title='bbox 594 3095 716 3149; x_wconf 72' lang='lat' dir='ltr'>nec&#39;sinit</span> <span class='ocrx_word' id='word_1_241' title='bbox 730 3093 882 3150; x_wconf 67' lang='lat' dir='ltr'>effe‘ieron</span> <span class='ocrx_word' id='word_1_242' title='bbox 942 3100 955 3113; x_wconf 82' lang='grc'>’“</span> 
     </span>
    </p>
   </div>
   <div class='ocr_carea' id='block_1_6' title="bbox 979 3166 1069 3218">
    <p class='ocr_par' dir='ltr' id='par_1_6' title="bbox 979 3166 1069 3218">
     <span class='ocr_line' id='line_1_38' title="bbox 979 3166 1069 3218; baseline -0.011 0"><span class='ocrx_word' id='word_1_243' title='bbox 979 3166 1036 3218; x_wconf 76' lang='lat' dir='ltr'>Noc</span> <span class='ocrx_word' id='word_1_244' title='bbox 1064 3172 1069 3183; x_wconf 85' lang='grc'><em>“</em></span> 
     </span>
    </p>
   </div>
   <div class='ocr_carea' id='block_1_7' title="bbox 0 0 1195 3942">
    <p class='ocr_par' dir='ltr' id='par_1_7' title="bbox 0 0 1195 3942">
     <span class='ocr_line' id='line_1_39' title="bbox 0 0 1195 3942; baseline 0 0"><span class='ocrx_word' id='word_1_245' title='bbox 0 0 1195 3942; x_wconf 95' lang='lat' dir='ltr'> </span> 
     </span>
    </p>
   </div>
  </div>
 </body>
</html>
