2367 3942
212 434 354 503 Errsr.
381 450 445 503 nx·
465 434 610 503 Ponro
635 435 678 507 L.
703 434 772 505 III.
801 453 875 528 329

165 556 237 613 Nos,
257 554 342 620 quibus
358 553 481 621 ingenium
497 553 564 621 longi
579 554 690 605 minuire
705 554 822 611 iabores,

202 628 256 679 Aut
272 627 345 677 etiam
363 628 453 677 nullum
469 627 571 677 forsitan
585 639 643 677 ante
659 628 727 686 fuit,

165 701 267 750 Viribus
284 698 392 755 infirmi,
408 699 486 750 vestro
505 701 610 751 caudore
626 703 762 758 valemuss

204 771 288 835 Quem
303 773 361 821 mibi
379 773 400 823 si
415 773 519 831 demas,
537 774 616 823 omnia
631 785 699 839 rapta
713 786 807 841 putem.

167 845 309 912 Cunstaque
325 843 378 895 crim
392 862 445 895 inea
459 847 507 897 sin't
522 846 643 912 propenso
657 848 712 897 nixa
728 847 834 904 favore,
872 884 876 890 .
892 857 922 906 15

204 918 357 984 Praecipuum
371 919 449 969 venia
465 918 504 984 jus
521 919 596 969 habet
610 920 652 969 ille
667 921 738 971 liber.

166 991 308 1059 Speiiatum
321 1003 390 1043 vates
405 992 445 1041 alii
461 992 575 1057 scripsere
590 993 757 1059 triumphum:

203 1062 245 1116 Est
260 1064 352 1131 aliquid
368 1065 469 1117 memori
483 1065 533 1115 visa
551 1076 637 1117 notare
648 1084 733 1117 manu.

164 1140 221 1190 Nus
237 1154 267 1189 ea
283 1138 324 1187 vix
340 1138 433 1189 avidam
448 1136 523 1207 vulgi>
539 1150 633 1205 captata
648 1156 693 1206 per
708 1156 792 1190 aurem

203 1211 351 1277 Scripsimus
363 1226 370 1262 r
384 1224 459 1277 atque
475 1213 541 1263 urnii
558 1212 620 1262 fania
636 1213 705 1263 fuere
721 1212 780 1263 mei.
889 1226 923 1261 20

166 1285 269 1336 Scilicet
285 1282 383 1335 effestus
395 1284 505 1343 similes,
522 1298 564 1335 aut
576 1286 684 1351 irnpetus
700 1286 785 1344 idem,

203 1358 287 1407 Rebus
302 1359 332 1406 ab
347 1358 434 1408 auditis
452 1356 742 1425 conspicuisque-venit?

165 1430 222 1481 Nec
239 1431 304 1481 nitor
318 1431 430 1498 argenti,
449 1446 520 1497 quem
536 1446 581 1481 vos
596 1430 704 1489 vidistis,
720 1432 747 1482 dt
760 1429 833 1488 auri,

204 1500 281 1567 Qudd
297 1503 354 1553 mihi
368 1503 494 1561 defuerit,
511 1520 664 1570 purpuraque
680 1505 740 1561 illa,
758 1510 857 1570 queror.

167 1576 220 1627 Sed
233 1577 307 1633 loca,
327 1576 368 1625 sed
383 1586 470 1643 gentes
484 1576 594 1625 ionuatae
607 1576 673 1625 mille
688 1574 770 1644 figuris
888 1588 920 1636 25

203 1647 341 1699 Nutnssent
356 1664 473 1705 cannen,
488 1649 621 1715 proeliaque
637 1647 685 1715 ipsa
699 1682 708 1707 ,
724 1664 814 1700 meum.

90 1720 94 1727 '
166 1721 198 1771 Et
213 1736 300 1789 regum
316 1721 419 1780 vultus,
436 1721 568 1771 certissima
582 1722 683 1789 pignora
698 1722 805 1781 mentis,

204 1792 324 1845 iuvissent
340 1794 535 1859 aliqui'forsitan
549 1794 609 1845 iliud
623 1812 693 1862 opus.

167 1865 293 1919 Pleusibus
310 1882 341 1917 ex
356 1868 412 1934 ipsis
427 1868 529 1933 populi,
547 1870 655 1935 laetoque
670 1870 777 1929 favore,

204 1940 329 2007 Ingenium
345 1940 446 2006 quodvis
462 1942 583 2004 iuealuiiie
599 1941 686 2005 petest.
888 1952 922 2003 30

167 2012 279 2078 Tamque
294 2028 342 2079 ego
358 2012 486 2063 sumsissem
500 2012 543 2061 tali
559 2014 675 2078 clangore
689 2014 817 2079 rigorem,

204 2084 285 2148 Quim
299 2084 364 2134 rudis
381 2084 462 2133 auditi
478 2084 547 2133 miles
560 2086 590 2134 ad
605 2102 670 2133 arma
685 2088 753 2135 tubi.

166 2158 270 2209 Peiiora
286 2158 335 2207 sint
351 2156 420 2207 nobis
435 2156 528 2207 nivibus
543 2158 688 2225 glacieque,
706 2157 809 2217 licebit,

205 2232 288 2296 Atque
304 2231 352 2281 huc
368 2246 440 2296 quem
453 2230 551 2296 patior,
572 2232 698 2299 frigidiora
711 2233 768 2281 loco
781 2248 788 2281 :

166 2306 212 2356 Illa
227 2302 305 2353 Ducis
323 2302 418 2360 facies,
434 2303 461 2353 in
476 2320 547 2354 curru
563 2303 642 2355 stantis
658 2306 770 2362 eburno,
890 2315 921 2367 35

205 2378 340 2427 Excuteret
355 2374 432 2442 frigus
447 2376 554 2430 sensibus
572 2394 643 2427 omne
660 2378 731 2427 meis.

168 2450 217 2501 His
232 2465 279 2517 ego
296 2448 425 2507 defedius,
441 2448 565 2517 dubiisque
582 2450 718 2502 aridioribus
734 2448 810 2510 usus,

206 2522 246 2571 Ad
261 2521 331 2572 vestri
346 2522 419 2571 venio
434 2519 488 2591 jure
503 2523 592 2574 favoris
607 2540 692 2589 opem.

169 2596 225 2645 Nee
237 2596 293 2645 mihi
304 2607 362 2645 nota
374 2595 460 2645 ducum
471 2629 479 2654 ,
493 2612 538 2645 nec
549 2596 603 2646 sunt
613 2596 671 2646 mibi
681 2608 739 2646 nora
750 2598 864 2647 iocorum

207 2668 310 2717 Nomina
324 2685 331 2718 ε
345 2668 468 2718 materiam
482 2670 523 2718 vix
539 2670 644 2719 habuere
660 2686 754 2719 manus.
780 2660 783 2665 ¹
887 2680 923 2726 4⁰

169 2740 230 2792 Pars
246 2738 318 2804 quota
335 2740 364 2789 de
381 2741 454 2791 tantis
471 2742 560 2800 rebus,
577 2758 647 2808 quam
663 2743 734 2793 Fama
750 2743 864 2797 referre,

207 2813 259 2863 Aut
275 2812 358 2879 aliquis
374 2816 443 2865 nobis
460 2815 562 2865 scribere
579 2814 676 2882 posset,
697 2813 772 2866 erat?

172 2886 233 2951 Quo
247 2886 321 2953 magis
334 2919 343 2944 ,
361 2902 377 2936 ο
390 2886 396 2935 !
409 2887 503 2946 ledor,
522 2888 597 2937 debes
610 2888 755 2954 ignoscere,
770 2886 792 2937 si
807 2884 865 2950 quid

207 2960 317 3011 Erratum
333 2957 366 3008 est
383 2959 452 3019 illic,
470 2961 649 3025 praeteritumve
667 2958 733 3012 nihi.

169 3031 259 3089 Adde.
277 3031 342 3097 quod
356 3032 473 3082 assiduam
489 3034 578 3082 domini
596 3032 711 3081 meditata
726 3030 867 3097 quereiam,
887 3043 922 3090 45

204 3104 245 3159 Ad
261 3105 343 3161 laetunr
358 3120 453 3157 carmen
470 3105 510 3157 uix
524 3122 577 3158 mea
591 3105 660 3157 aetia
675 3105 729 3173 lyra
743 3102 785 3155 eii.
