2367 3942
296 422 369 494 218
418 419 461 488 P.
489 419 681 487 Orrnrr
709 419 937 495 Nasonrrs

293 541 404 596 Protinus
419 537 534 589 inclusum
548 536 621 588 lentis
639 536 782 587 carbonibus
797 553 852 590 ure.

329 613 447 680 Magia,
465 612 490 662 δι
504 612 557 660 veri
571 625 621 660 vox
641 608 689 658 erit
704 610 745 658 illa
759 611 839 662 bovis.

293 689 340 741 Pro
358 687 442 753 quibus
459 685 583 741 inventis,
601 695 628 732 ut
643 699 728 732 munus
744 699 843 734 munere
859 687 966 754 penses,

249 781 284 832 50
331 760 391 815 Da,
406 775 515 826 precor,
532 756 630 824 ingenio
646 756 742 821 praemia
759 757 830 824 digna
845 775 909 810 meo.

291 834 406 887 Dixerat.
423 831 458 882 At
473 829 596 888 Phalaris,
614 828 693 878 Poenae
709 829 814 880 mirande
831 846 946 897 repertor
956 843 969 897 ‚‘

328 906 381 973 lpse
396 917 465 955 tuum
479 904 583 969 praesens
600 903 678 952 imbue
692 934 700 959 ,
716 901 798 959 dixit,
819 921 890 971 opus.

291 983 345 1033 Nec
361 993 447 1029 morat
459 975 592 1026 monstratis
609 974 741 1026 crudeliter
754 975 849 1043 ignibus
865 979 930 1030 ustus

327 1051 444 1104 Exhibuit
458 1051 572 1116 querulos
588 1065 632 1099 ore
650 1060 771 1098 tremente
790 1048 872 1101 sonos.

249 1145 278 1195 55
294 1127 357 1193 Quid
369 1125 425 1174 mihi
436 1141 490 1174 curn
500 1122 587 1172 Siculis
597 1122 662 1171 inter
672 1121 842 1189 Scythiamque
853 1122 999 1194 Getasque?

326 1199 365 1250 Ad
381 1211 425 1256 te,
442 1197 548 1263 quisquis
564 1197 583 1245 is
602 1211 648 1252 es,
665 1195 744 1264 nostru
759 1197 856 1262 querela
871 1200 945 1250 redit.

289 1275 374 1339 thue
389 1271 452 1321 sitim
469 1269 550 1318 nostro
566 1267 645 1334 possis
661 1269 760 1332 explere
777 1285 864 1320 cruore
879 1304 887 1329 ,

325 1345 469 1410 Quantaque
483 1342 539 1399 vis,
555 1341 628 1390 avido
644 1339 731 1408 gaudia
746 1342 821 1391 corde
836 1343 901 1393 feras
916 1362 925 1403 ;

287 1420 340 1469 Tot
355 1417 416 1467 mala
429 1417 479 1465 sum
493 1415 589 1484 fugiens
605 1413 694 1463 tellure
706 1448 713 1472 ‚
734 1425 773 1464 tot
787 1431 884 1482 aequore
902 1417 998 1484 passus,

243 1496 277 1545 6³
324 1492 363 1543 Te
380 1504 476 1556 quoque
491 1501 518 1538 ut
534 1487 622 1538 auditis
638 1485 705 1554 posse
722 1487 805 1537 dolere
821 1503 914 1554 putem.

287 1565 369 1616 Crede
382 1563 456 1620 mihi,
475 1561 496 1610 si
511 1561 543 1612 sit
558 1561 627 1610 nohis
645 1561 748 1610 collatus
764 1561 881 1629 Ulyffes,

322 1637 430 1702 Neptuni
446 1633 523 1682 minor
540 1633 592 1693 est,
611 1635 681 1698 quim
697 1631 765 1684 Jovis
779 1634 815 1684 ira
830 1635 885 1687 fuir.

285 1711 350 1778 Ergo
368 1710 512 1774 quicumque
528 1721 574 1762 es,
592 1705 728 1754 rescindere
743 1707 842 1758 vulnera
857 1711 931 1768 noli;

321 1782 409 1847 Deque
427 1777 494 1846 gravi
510 1777 580 1827 duras
594 1779 678 1825 ulcere
694 1777 755 1827 tolle
771 1795 872 1832 manus:
978 1842 983 1850 ι

240 1857 255 1906 6
261 1872 272 1919 5
286 1856 368 1918 thue
384 1868 444 1901 meae
458 1851 544 1900 famam
561 1858 664 1898 tenuent
681 1847 770 1898 oblivia
787 1856 884 1920 culpe,

320 1929 379 1980 Fata
394 1923 530 1976 cicatricem
545 1922 636 1972 ducere
652 1919 729 1972 nostra
744 1923 806 1973 sine.

283 2003 448 2067 Humanaeque
466 2013 558 2047 memor
573 1995 666 2054 sortis,
685 2013 738 2062 quae
754 1997 820 2048 tollit
836 1999 957 2058 eosdem,
1079 1991 1080 2080 i

320 2076 352 2125 Et
369 2073 477 2142 premit;
495 2071 601 2122 incertas
618 2070 668 2136 ipse
684 2085 771 2121 verere
788 2071 866 2123 vices.
1079 2082 1080 2132 t

284 2149 315 2199 Et
331 2148 462 2215 quoniam,
479 2143 532 2196 fieri
548 2143 614 2211 quod
630 2157 762 2210 numquam.
772 2146 838 2210 poffe
852 2146 955 2212 putavi,
979 2155 982 2164 ’

238 2239 273 2288 70
320 2221 359 2270 Est
377 2220 428 2270 tihi·
438 2220 467 2268 de
484 2219 556 2268 rebus
571 2217 673 2265 maxima
691 2233 747 2266 cura
765 2220 825 2268 meis
838 2224 863 2276 ;'

282 2297 339 2345 Non
350 2292 458 2359 estquod
468 2291 553 2340 timeas
563 2304 572 2338 t
585 2289 683 2338 fortuna
693 2290 820 2340 miserrima
831 2290 909 2341 nostra
919 2291 963 2340 est.

318 2366 399 2416 Omne
414 2365 489 2416 trahit
505 2363 584 2412 secum
601 2360 701 2410 Caesaris
716 2363 750 2411 ira
766 2365 863 2412 malum.

282 2440 357 2503 Quod
368 2437 441 2503 magis
452 2448 478 2484 ut
488 2436 595 2499 liqueat,
607 2449 670 2480 neve
680 2435 728 2481 hoc
738 2435 781 2483 tihi
791 2433 883 2500 fingere
894 2437 991 2496 crednr5
1014 2463 1025 2478 -

317 2511 371 2576 Ipse
387 2510 459 2558 velim
475 2522 558 2572 poenas
575 2505 701 2570 experiare
716 2523 792 2556 meas.

573 2593 623 2625 asp.-

277 2615 921 2667 offla-mmm·

400 2714 652 2779 runcrn
693 2671 800 2786 xri.

251 2815 423 2932 Furem
436 2875 484 2942 jan
493 2871 601 2943 Zephyri
612 2874 735 2935 minuunt;
747 2889 859 2941 annoque
870 2875 982 2942 pernho,

313 2951 421 3018 Longior
433 2949 535 3017 antiquis
549 2949 598 2999 visa
614 2947 713 3000 Maeotis
730 2949 805 2999 hiems
820 2963 828 2998 t

276 3024 462 3092 impositamque
477 3020 522 3074 ribi
536 3022 576 3090 qui
594 3037 643 3072 non
657 3024 720 3074 hene
737 3023 837 3090 pertulit
851 3021 961 3078 Hellen.

311 3096 434 3166 Tempora
450 3098 571 3149 nosturnis
585 3103 654 3163 ae'qua
669 3097 752 3149 diurna
768 3095 836 3148 facit.
