2367 3942
238 436 903 535 Fastornntin.11s.109

190 556 241 609 Res
258 561 351 625 piacet.
368 559 440 607 Alter
456 559 501 607 init
517 559 641 607 nemorosi
660 560 713 609 saxa
731 558 826 618 Palati,
913 561 962 621 815

173 684 177 688 ,
227 633 300 681 aiter
316 631 466 681 Aventinum
483 630 553 681 mane
569 648 684 681 cacumen
697 632 756 681 adit.

191 704 241 753 Sex
251 704 363 768 Remus,
385 706 424 753 hic
438 706 552 753 volucres
567 705 603 753 bis
619 704 659 755 sex
671 704 737 755 videt
751 706 835 756 ordine
848 721 856 757 t
868 706 938 775 patio

226 777 313 826 Statur
327 777 372 827 a&
388 777 512 827 arbitrium
529 776 646 829 Romulus
666 778 730 827 urbis
745 780 827 829 habet.

190 850 256 915 Apta
270 850 324 899 dies
340 850 448 916 iegitur,
465 849 511 915 qui
527 850 617 903 moenia
634 850 714 917 signet
730 864 825 902 aratro·
865 847 870 855 ⁶

225 922 304 971 Sacra
321 921 383 971 Palis
400 922 509 973 suberant
525 938 534 973 r
548 923 605 973 inde
623 936 734 973 movetur
752 942 821 989 opus.
912 924 964 975 820

189 993 258 1044 Fossa
275 993 305 1043 sit
321 994 352 1043 ad
366 995 486 1045 solidum:
504 996 586 1063 fruges
603 994 725 1061 jaciuntur
739 998 763 1047 in
780 998 844 1057 una,

225 1067 259 1116 Et
275 1068 308 1117 de
323 1068 405 1117 vicino
420 1081 484 1119 tetra
502 1070 579 1133 petita
596 1070 657 1120 solo.

190 1139 258 1191 torsa
274 1142 385 1205 repletur
400 1143 495 1209 humor
512 1143 639 1207 pleneque
655 1142 785 1209 imponitur
802 1160 862 1202 ara3
884 1175 887 1181 ·

186 1236 191 1241 ·
225 1213 258 1263 Et
274 1230 353 1263 novus
371 1215 473 1266 accenso
489 1213 587 1275 finditur
602 1216 657 1282 igne
676 1216 755 1266 focus-
780 1266 782 1274 ,

190 1285 248 1335 inde
264 1303 378 1354 premens
388 1288 472 1351 ¹stiram
489 1288 600 1356 designat
617 1290 704 1339 moenia
719 1290 805 1342 sulco:
910 1288 959 1353 825

225 1357 290 1408 Alba
304 1358 388 1426 jugum
405 1361 627 1430 niveocumlbove
642 1378 716 1415 vacca
732 1365 797 1413 tulit.

190 1431 247 1485 Vox
261 1432 309 1482 suit
324 1434 377 1499 haec
394 1434 479 1499 regisr
502 1434 624 1501 Condenti
640 1434 753 1500 iuppiter
769 1438 871 1495 urbem,

223 1504 254 1554 Et
272 1506 369 1571 genitor
383 1506 508 1563 Mavors,
526 1506 648 1573 Vestaque
663 1520 758 1566 mater,
776 1510 832 1560 ades
845 1526 852 1566 ς

189 1574 308 1643 Quosque
316 1579 384 1644 pium
396 1578 430 1627 est
440 1578 554 1627 adhibere
565 1580 654 1637 Deos,
677 1580 797 1631 advertite
808 1580 885 1631 cundi
897 1596 904 1631 ε

131 1648 134 1653 ’
223 1651 366 1715 Auspicibus
382 1651 473 1708 vobis,
489 1652 537 1700 hoc
554 1652 610 1701 mibi
629 1652 708 1719 surgat
724 1670 794 1719 opus.
909 1654 960 1717 830

188 1721 271 1789 Longa
289 1725 320 1774 sit
332 1724 390 1774 huic
402 1737 481 1781 aetas,
499 1724 650 1793 dominaeque
665 1728 773 1792 potentia
790 1740 881 1787 terrae5

222 1796 306 1862 Sitque
319 1798 361 1847 sub
378 1798 423 1848 hac
440 1799 521 1847 oriens
539 1798 703 1865 occiduusque
719 1800 781 1850 dies.

188 1867 231 1917 Ille
247 1872 392 1934 precabatur
406 1888 413 1921 :
427 1872 522 1921 tonitru
538 1872 604 1922 dedit
619 1872 698 1923 omina
714 1874 777 1923 laevo

222 1941 334 2007 iuppiter
349 1960 356 1993 ι
374 1945 400 1994 &
415 1944 478 1998 iaevo
495 1944 593 1995 fulmina
610 1944 671 1994 milia
689 1940 757 2011 bolo.

188 2013 296 2080 Augurio
312 2016 362 2067 laeti
379 2015 475 2081 jaciunt
490 2017 626 2066 fundamina
643 2018 730 2077 cives,
906 2016 956 2081 835

222 2088 253 2137 Et
269 2105 348 2140 novus
365 2091 454 2156 exigqo
470 2101 580 2155 tempore
597 2103 754 2147 murorerar.
883 2090 887 2097 '

186 2157 240 2208 Hoc
256 2160 331 2211 Celer
345 2174 419 2229 urget
430 2179 491 2229 opus
504 2196 511 2221 ,
530 2179 601 2227 quem
613 2162 729 2213 Romulus
746 2163 795 2229 ipse
808 2160 907 2213 vocitat
918 2179 927 2221 ;

220 2233 341 2301 Siutque,
362 2236 457 2293 Celer,
476 2252 557 2292 curae,
576 2234 687 2295 dixerat,
705 2234 744 2285 issa
761 2248 808 2285 tuae
822 2253 829 2286 t

185 2303 254 2355 Neve
270 2307 323 2373 quis
340 2320 382 2358 aut
398 2324 499 2367 muros,
518 2321 560 2357 aut
575 2308 666 2357 versam
682 2324 781 2359 vomere
798 2323 885 2359 terram

219 2378 337 2430 Transeat
352 2397 359 2430 :
374 2380 503 2432 audentem
520 2382 576 2432 talia
595 2380 656 2432 dede
673 2382 738 2431 neci.
904 2380 956 2444 840

186 2448 260 2512 Quod
273 2453 364 2503 Remus
378 2454 510 2521 ignorans,
527 2454 630 2503 humiles
647 2468 803 2505 contemnere
819 2472 900 2506 muros

219 2523 303 2590 Coepit
314 2541 322 2576 t
335 2525 361 2576 ἃ
374 2559 382 2584 ,
400 2526 446 2575 His
460 2526 583 2593 populus,
601 2527 699 2587 dicere,
716 2542 782 2579 tutus
797 2528 861 2579 erit!

183 2594 234 2645 Nec
251 2614 319 2647 mora
336 2615 344 2647 t
360 2600 489 2655 transiluit.
501 2598 589 2650 Rutro
606 2599 684 2651 celer
696 2615 802 2668 occupat
814 2600 916 2659 ausum3

217 2670 261 2719 ille
279 2671 368 2735 premit
383 2672 465 2721 duram
481 2672 675 2737 sanguinolentus
690 2675 795 2724 humum.

182 2739 242 2793 Haec
258 2743 298 2791 ubi
315 2760 360 2793 rex
375 2744 479 2803 didicit,
498 2746 615 2811 lacrymas
630 2746 746 2797 introrsus
764 2750 863 2797 obortas
901 2746 950 2808 845

215 2814 349 2874 Devorer,
367 2816 394 2867 dt
412 2818 515 2873 clausum
531 2817 631 2883 petiere
648 2821 735 2869 vulnus
753 2822 833 2868 habet.

181 2884 251 2935 flere
268 2890 347 2951 palam
364 2905 412 2938 non
427 2891 499 2950 vult,
517 2892 676 2957 exemplaque
693 2892 766 2943 sortia
783 2892 880 2948 servat,

214 2958 304 3025 Sitque
321 2978 388 3011 meos
404 2978 484 3017 muros
499 2964 602 3013 transeat
620 2964 711 3020 hostis,
729 2964 772 3013 ait.
813 3010 821 3029 s

178 3030 230 3081 Dat
249 3043 332 3084 tamen
350 3032 471 3099 exsequias
485 3039 553 3087 :nec
570 3035 618 3101 jam
635 3036 778 3102 suspendere
795 3036 877 3087 fletum

213 3102 318 3156 Sustinet
328 3140 337 3167 ,
359 3105 385 3158 δι
402 3108 477 3173 pietas
494 3107 641 3165 dissimulata
656 3120 735 3176 patet.
898 3106 951 3169 850
