2367 3942
288 452 363 549 318
409 456 452 521 P.
479 450 673 525 Orrnrr
697 454 933 527 Nasutus

289 572 345 624 Nec
360 572 403 623 tibi
420 572 473 623 sunt
486 574 568 623 fontes
581 608 589 633 ,
600 574 678 625 inticis
692 574 739 625 nisi
752 592 823 641 μω
839 578 949 630 marini:

326 644 376 709 Qui
389 658 462 714 polus
480 646 577 698 dubium
590 647 653 699 sistit
668 649 749 699 alatne
764 650 839 699 ιίιὶιιι.

289 716 371 779 uara,
389 736 468 789 neque
485 722 536 771 baec
550 718 629 779 felix,
646 720 777 789 inerpertis
788 723 884 773 eminet
899 726 966 777 arvis

248 804 283 843 ιο
330 792 431 855 Arbor·
448 794 475 845 δι
489 795 514 845 in
530 806 597 845 terra
612 794 648 845 est
661 797 738 847 altera
750 796 830 847 tm
844 798 929 849 maris.

292 866 351 917 Non
365 868 415 917 avis
431 868 592 936 obloquitur,
608 869 673 919 silvis
688 869 740 919 nisi
750 870 770 921 si
786 887 833 946 que
848 871 954 923 remotis

328 938 466 1007 AEquoreas
478 959 553 995 rauco
567 955 665 1013 gutnrre
679 954 750 1009 potat
763 960 850 1011 equas.

292 1010 377 1063 Tristi:
394 1030 439 1081 per
453 1032 544 1067 vacuos
559 1018 662 1068 horrent
678 1016 796 1067 absinthia
812 1034 937 1084 campos,

329 1085 535 1159 conveniensque
551 1090 594 1141 suo
610 1090 694 1155 messis
708 1106 787 1139 amara
803 1092 873 1143 loco.

249 1174 266 1209 2
270 1172 283 1224 5
297 1158 367 1211 Adde
382 1176 479 1223 metus,
494 1162 521 1217 bt
534 1164 600 1233 quod
613 1180 694 1215 murus
709 1148 824 1229 pulani
831 1166 862 1213 zb
871 1163 971 1224 hoste,

331 1234 465 1304 Tinilaque
480 1182 605 1288 moriilera
618 1239 675 1287 tabe
691 1235 775 1305 sagitta
790 1236 893 1287 madet·

293 1306 371 1373 Quod
380 1311 467 1376 procul
474 1312 527 1361 brec
535 1312 604 1379 regio
614 1310 662 1369 eli,
675 1309 701 1361 bt
709 1311 741 1359 ab
749 1320 817 1359 omn!
806 1308 894 1359 rlevla
904 1311 995 1361 mtrt‘u
984 1345 997 1368 ,

332 1380 387 1432 Ner
402 1383 466 1449 pede
483 1380 532 1451 qub
546 1385 691 1451 quisquam,
709 1398 756 1434 nec
770 1395 843 1441 rate,
856 1394 930 1433 tutus
943 1399 995 1435 eut.

296 1455 354 1505 Non
369 1456 443 1525 igitur
457 1458 561 1516 mirum,
577 1456 650 1507 finem
667 1456 828 1523 quarentibus
843 1457 936 1506 horum

253 1539 288 1591 30
335 1528 419 1580 Altera
435 1530 455 1582 si
469 1531 539 1582 nobis
555 1547 632 1596 usque
644 1542 744 1599 rogatur
758 1530 854 1579 humus.

297 1603 339 1653 Te
353 1604 427 1673 magis
445 1603 478 1655 est
494 1604 577 1655 mitum
595 1620 645 1655 non
660 1602 709 1654 hoc
725 1604 860 1662 evincere,
877 1600 997 1671 eonion

333 1676 411 1743 Inque
427 1678 488 1729 meis
504 1679 622 1746 lacrymas
636 1676 702 1744 posse
714 1689 800 1728 tenere
817 1676 894 1726 malis

300 1748 367 1815 Quid
377 1750 471 1811 facias,
488 1752 588 1817 quaeril.
584 1750 596 1783 ⁹
614 1767 706 1816 quaeras
716 1750 765 1799 hoc
776 1740 868 1799 scilicet
877 1748 978 1817 ipsum·

335 1822 464 1882 Invenies,
479 1822 574 1874 vere
554 1841 575 1874 ιι
589 1823 698 1890 reperire
714 1823 797 1873 voles:

254 1908 286 1961 35
299 1894 373 1964 Velle
383 1913 465 1962 parum
477 1896 530 1947 eli
542 1896 646 1973 ιιιιιῐιι,Ι
652 1908 680 1945 ut
690 1912 718 1945 re
727 1894 845 1962 potrarrs
857 1908 980 1962 oportet3

336 1969 369 2021 Ει
385 1969 457 2022 faeiat
472 1970 566 2022 somnos
582 1961 646 2021 haec
651 1968 695 2020 tibi
710 1986 768 2019 cura
783 1969 882 2019 breves.

300 2044 376 2097 Velle
386 2060 444 2095 reor
454 2046 561 2097 multos:
575 2044 627 2113 quis
638 2044 701 2094 enim
710 2042 768 2093 mul
777 2054 825 2092 tam
835 2043 868 2092 sit
879 2042 1001 2110 iniquus,

336 2118 420 2186 Optet
436 2120 591 2170 ut·exsilium
606 2134 667 2185 pace
682 2132 765 2167 carere
781 2113 885 2165 meum?

301 2189 403 2243 Peilore
420 2203 446 2243 te
461 2204 537 2252 roto,
555 2191 693 2259 cunctisque
707 2190 848 2241 incumbere
862 2188 970 2253 nervis,

254 2278 292 2328 40
340 2266 374 2317 Er
388 2264 434 2317 niti
448 2282 494 2333 pro
510 2282 550 2317 me
564 2265 637 2317 nolle
651 2265 742 2331 dieque
757 2263 840 2313 decet.

301 2339 385 2407 thue
398 2338 485 2406 juvent
499 2339 561 2399 alii,
578 2351 607 2390 tu
623 2340 698 2391 debes
712 2338 812 2389 vincere
826 2335 941 2399 amicoS,

338 2414 429 2472 Uxor3
448 2414 473 2464 δι
489 2413 519 2463 ad
536 2426 617 2481 partes
634 2414 708 2480 prima
723 2412 808 2462 venire
821 2422 885 2461 tuas.

300 2486 391 2553 Magna
406 2486 451 2536 tibi
465 2487 577 2554 imposita
593 2486 626 2537 eil
642 2485 726 2536 nostris
742 2485 844 2552 persona
861 2485 972 2540 libellis:

338 2557 457 2628 Coniugis
474 2561 611 2627 exemplum
624 2558 714 2611 diceris
728 2557 775 2609 effe
792 2559 874 2609 bonae.

257 2646 291 2696 45
304 2632 374 2684 Hanc
390 2650 450 2685 cave
466 2634 601 2704 degeneres
617 2648 625 2686 ι
640 2646 669 2685 ut
684 2634 733 2685 sint
744 2630 866 2700 praeconia
879 2631 959 2685 nostra

336 2708 423 2769 Vera,
440 2709 497 2759 vide
511 2726 520 2769 ;
537 2710 618 2762 Famae
635 2725 684 2777 quo
698 2706 787 2757 tuearis
804 2722 876 2771 opus.
1019 2709 1022 2715 '

302 2779 339 2831 Ut
355 2781 413 2832 nihil
430 2782 480 2849 ipse
495 2800 600 2852 querar,
620 2784 696 2833 tacito
712 2796 768 2839 me,
788 2779 859 2829 Fama
877 2793 1018 2848 queretur,

339 2853 403 2919 Quae
421 2856 514 2919 debet3
532 2858 606 2909 fuerit
621 2856 646 2906 ni
660 2854 704 2904 tibi
719 2870 775 2903 cura
790 2854 847 2903 mei.

303 2928 421 2995 Exposuit
437 2948 490 2981 mea
507 2949 546 2982 me
561 2931 652 2999 populo
666 2928 772 2979 Fortuna
786 2926 943 2990 ,videndum

258 3014 293 3067 50
341 3004 373 3054 Et
387 3005 440 3070 plus
456 3006 567 3064 notitiae,
586 3006 655 3070 quim
672 3002 719 3053 fuit
734 3012 809 3059 ante,
826 3000 903 3053 dedit.

303 3076 393 3128 Notior
410 3078 443 3129 est
458 3078 534 3130 fastus
546 3078 673 3143 Capaneus
690 3093 703 3125 a
719 3075 823 3126 fulminis
838 3075 905 3129 illue

340 3151 421 3206 Notus
437 3152 512 3207 humo
528 3152 612 3207 mersit
629 3150 787 3222 Amphiaraus
804 3150 883 3217 equis.
