2367 3942
274 432 580 506 ansrruur
609 430 721 500 Lru.
746 435 789 503 V.
829 452 905 528 247
968 516 976 521 ,

193 553 301 623 Quaque
317 549 391 604 mori
402 550 528 618 spatioque
544 549 587 602 suo
601 546 697 602 ’coitura
712 551 796 618 putavi

225 631 356 684 Vulnera,
367 642 419 674 non
429 625 515 684 aliter,
527 628 597 691 quim
609 623 683 674 modd
693 623 768 684 farta,
781 625 875 676 dolent.
917 640 948 675 10

192 703 291 755 Scilicet
308 699 405 766 exiguis
420 697 518 764 prodest
532 698 621 750 annosa
636 696 759 755 vetustam

227 773 370 827 Grandibus
384 771 505 822 accedunt
519 783 631 837 tempore
646 771 730 820 damna
746 769 823 822 malis.

190 848 262 900 Paene
280 849 370 897 decem
384 845 445 894 totis
463 845 523 894 aluit
538 843 658 894 Poeantius
674 843 742 893 anuis

226 919 371 971 Pestiferum
386 917 480 967 tumido
496 918 583 967 uulnus
598 917 628 966 ab
644 931 723 984 angue
740 918 829 968 datum.

190 993 319 1059 Telephus
333 990 426 1040 aeterni
442 990 580 1040 consumtus
596 990 652 1040 tabe
669 988 786 1055 periffet,
916 1003 947 1052 15

226 1067 254 1117 Si
268 1083 338 1123 non,
354 1080 409 1130 quae
425 1063 527 1122 notuit,
546 1063 632 1114 dextra
649 1061 736 1112 tulisset
752 1079 834 1129 opem.

189 1139 222 1190 Et
234 1155 306 1197 mea,
321 1137 343 1186 si
356 1137 450 1185 facinus
463 1137 555 1186 nullum
567 1135 746 1194 commisimus,
762 1149 822 1202 opto

226 1213 341 1264 Vulnera
357 1209 399 1275 qui
414 1208 490 1266 iecit,
506 1209 566 1258 farra
582 1210 664 1259 levare
678 1210 750 1258 velit.

189 1284 380 1348 contentusque
394 1281 443 1331 mei
455 1280 503 1347 jam
518 1282 616 1332 tandem
630 1293 700 1347 parte
713 1280 821 1340 laboris,
865 1298 872 1310 ¹

227 1357 349 1423 Exiguum
364 1355 439 1419 pleno
455 1354 486 1403 de
501 1371 568 1404 mare
583 1355 665 1404 derrut
680 1370 758 1420 aquae.
915 1369 949 1404 20

187 1429 314 1479 Detrahat
328 1438 357 1477 ut
370 1428 491 1495 multum,
508 1427 608 1477 multum
623 1426 718 1476 restabit
733 1427 831 1478 acerbi:

201 1560 206 1566 ι
228 1500 337 1568 Parsque
352 1517 412 1550 meae
429 1516 508 1566 poenae
523 1499 600 1549 totius
609 1498 687 1548 instar
702 1500 757 1548 erit.

187 1572 276 1625 Litora
290 1586 351 1641 quot
368 1573 488 1630 conchas,
505 1584 567 1638 quot
582 1587 676 1621 amoena
689 1571 778 1622 rosaria
793 1572 885 1630 dores,

227 1647 333 1712 Quotve
349 1645 509 1712 soporiferum
524 1661 598 1712 grana
614 1659 719 1710 papaver
728 1645 821 1703 habet3

169 1712 173 1718 ⁸
189 1721 258 1770 Silva
273 1721 338 1770 ieras
353 1731 415 1785 quot
427 1718 488 1776 alit,
505 1728 566 1783 quot
580 1717 684 1784 piscibus
699 1717 762 1768 unda
777 1729 890 1774 natatur,
912 1731 945 1779 25

228 1792 300 1856 Quot
316 1804 430 1842 tenerum
445 1790 532 1856 pennis
548 1791 603 1842 ae'ra
619 1791 696 1856 pulsat
711 1791 782 1849 avis;

188 1865 243 1915 Tot
257 1882 357 1932 premor
371 1864 481 1914 adversis
498 1879 575 1929 :qua
592 1864 614 1918 si
628 1864 804 1930 comprendere
819 1874 894 1914 coner
906 1894 914 1920 ,

228 1939 314 1988 icariae
329 1952 454 1988 numerum
469 1936 550 1986 dicere
567 1953 643 1987 coner
658 1953 735 2002 aquae.

188 2010 274 2077 thue
289 2013 336 2059 viae
351 2012 435 2074 casus,
451 2022 568 2060 uramara
582 2010 689 2074 pericula
703 2009 791 2073 ponti,

227 2085 264 2134 Ut
279 2095 373 2133 taceam
389 2082 476 2132 stridat
492 2083 516 2131 in
529 2097 584 2130 mea
597 2081 647 2130 fata
663 2097 765 2139 manus;
912 2092 947 2145 30

91 2195 92 2203 ,
190 2157 298 2212 Barbara
313 2173 352 2208 rue
365 2157 455 2216 tellus,
470 2156 584 2221 orbisque
597 2153 726 2206 novissima
741 2151 822 2220 magui

226 2229 333 2280 Sustinet
349 2247 358 2288 3
375 2229 482 2280 &saevo
497 2228 586 2279 cintius
604 2229 633 2278 ab
650 2227 715 2278 hoste
732 2229 811 2278 locus.

187 2301 255 2355 Hinc
265 2320 314 2371 ego
324 2301 465 2367 trajiceret,
474 2319 554 2369 neque
563 2301 626 2351 enirn
638 2309 691 2351 mea
702 2303 772 2368 culpa
783 2311 882 2352 cruenta
893 2301 926 2352 est
937 2335 946 2361 ,

226 2375 311 2435 Effer,
331 2393 384 2443 qua
401 2376 494 2434 debet,
509 2375 530 2424 si
545 2375 590 2424 tibi
605 2391 662 2424 cura
676 2375 733 2424 mei.

186 2447 234 2500 lile
249 2451 340 2508 Deus,
357 2451 421 2500 bene
436 2465 486 2514 quo
499 2448 609 2499 Romana
626 2448 735 2514 potentia
749 2447 803 2498 nixa
819 2446 871 2506 est,
910 2460 942 2511 35

224 2523 298 2588 Saepe
317 2523 360 2572 suo
375 2521 453 2571 vidior
469 2521 532 2571 ienis
547 2521 573 2570 in
587 2521 655 2571 hoste
672 2521 727 2572 fuit.

92 2614 96 2667 ς
186 2592 259 2658 Quid
274 2596 367 2646 dubitas
378 2593 389 2644 ἓ
400 2595 457 2661 quid
467 2606 519 2644 tuta
529 2594 600 2644 times
612 2594 624 2643 ἓ
635 2594 740 2651 accede,
753 2609 871 2661 togaque.

226 2667 323 2719 Caesare
340 2669 373 2718 nii
387 2669 473 2735 ingens
489 2668 568 2717 mitius
587 2666 652 2716 orbis
670 2667 752 2718 habet.
796 2709 800 2713 .

90 2783 96 2813 Ξ
185 2739 234 2792 Me
243 2740 369 2791 miserum!
381 2742 437 2807 quid
445 2757 529 2808 agam,
543 2740 564 2790 si
571 2739 680 2805 proxima
689 2757 790 2807 quaeque
799 2735 960 2806 relinquunt?

223 2814 351 2863 subtrahis
366 2813 464 2865 effcaiio
478 2818 507 2864 tu
525 2828 624 2880 quoque
640 2815 703 2863 colla
719 2809 800 2880 jugo?
908 2827 943 2874 4⁰

182 2885 248 2950 Qud
264 2885 351 2936 ferar?
368 2887 433 2938 unde
450 2900 532 2953 petam
548 2886 620 2953 lapsis
638 2886 722 2935 solatia
740 2881 836 2933 rebus?

223 2956 323 3009 Ancora
337 2958 385 3025 jarn
399 2959 501 3010 nostram
515 2975 566 3008 non
581 2969 652 3008 tenet
668 2959 716 3006 ulla
729 2967 815 3006 ratem.

90 3075 93 3087 ,
183 3030 287 3086 Viderit
304 3049 312 3082 z
328 3033 378 3098 ipse
395 3033 499 3090 sacram,
515 3031 622 3097 quamvis
639 3029 744 3088 invisus,
760 3030 791 3079 ad
807 3046 871 3080 aram

224 3104 374 3176 Coniugium
390 3121 398 3156 t
413 3105 492 3156 nullas
509 3104 636 3156 submovet
648 3119 689 3154 ara
706 3119 818 3224 manus.L
830 3174 835 3184 υ

286 3196 288 3199 ·
829 3189 853 3223 rt
