2367 3942
460 975 950 1062 OVID-II
1040 973 1833 1070 NASONIS..

580 1151 1556 1258 EPISTOLARUM

401 1314 1794 1465 ExPONTQ

547 1546 958 1653 LJQER
1058 1539 1634 1616 PRIMUS.'

462 1711 1150 1775 EPISTOLA
1247 1712 1729 1777 PRIMANJ

812 1839 1274 1929 affara

339 1968 521 2083 {N}
540 2044 563 2080 s
584 2041 619 2080 o
653 2030 922 2081 Tomitanae
953 2031 1049 2097 jam
1079 2048 1178 2081 non
1209 2047 1365 2080 novus
1397 2030 1557 2087 incola
1587 2043 1731 2084 tettae

356 2101 531 2153 ‘’‘Hoc
561 2104 654 2153 tibi
685 2104 745 2152 de
783 2105 967 2155 Getico
999 2105 1143 2153 litore
1174 2103 1320 2153 mittit
1350 2120 1490 2169 opus.
1823 2102 1828 2104 ’

342 2175 394 2225 Si
422 2188 567 2225 vacat
587 2209 602 2234 ,
639 2177 849 2242 hospitio
877 2177 1160 2244 peregrinos
1184 2209 1200 2234 ,
1228 2175 1378 2226 Brute
1404 2209 1419 2234 ,
1450 2177 1642 2226 libellos

412 2249 597 2314 Excipe
620 2282 635 2306 ,
674 2250 882 2315 dumque
914 2251 1075 2315 aliquo
1098 2283 1114 2309 ,
1145 2249 1364 2315 quolibet
1396 2251 1518 2298 abde
1538 2283 1552 2307 ,
1590 2252 1724 2300 loce.

343 2320 544 2372 Publica
578 2339 677 2371 non
708 2323 889 2371 audent
922 2323 1049 2372 inter
1080 2333 1391 2372 monumenta
1421 2323 1588 2372 venire
1615 2355 1631 2381 ,
1783 2337 1809 2386 5

413 2395 493 2442 Ne
527 2394 637 2443 suus
665 2396 762 2443 hoc
795 2395 888 2444 inis
923 2395 1143 2444 clauserit
1176 2394 1341 2444 ευέὶοι·
1376 2394 1487 2444 iter.
1681 2386 1690 2396 ⁰

340 2465 420 2516 Ah
448 2467 460 2514 !
491 2467 683 2532 quoties
715 2465 855 2516 dixi?
888 2466 1041 2517 Certe
1071 2470 1139 2517 nil
1172 2481 1315 2533 turpe
1350 2467 1560 2518 docetis.

414 2540 491 2588 Ite
516 2555 530 2589 t
555 2552 693 2605 patet
720 2539 855 2590 castis
881 2541 1099 2590 versibus
1131 2543 1212 2591 ine
1245 2543 1403 2590 locus.

338 2612 457 2661 Non
484 2624 647 2662 tamen
672 2613 915 2662 accedunt
942 2629 956 2663 ε
989 2614 1069 2662 sed
1092 2647 1106 2670 ‚
1142 2626 1199 2663 ut
1226 2612 1392 2677 aspicis
1420 2611 1517 2680 ipse
1544 2645 1561 2672 ‚
1593 2614 1747 2664 latere

412 2685 510 2733 Sub
539 2685 659 2734 Late
695 2686 883 2750 privato
915 2686 1064 2734 tutius
1099 2685 1192 2738 ess‘e
1225 2697 1412 2751 putant.
1777 2699 1845 2758 ,ιο

340 2755 535 2818 Quaetis
560 2790 573 2814 ,
610 2758 691 2806 uhi
719 2760 807 2808 hos
838 2759 991 2823 possis
1025 2759 1159 2808 nullo
1196 2775 1490 2823 componere
1522 2755 1680 2808 laeso?
1719 2768 1751 2780 '·
1776 2810 1783 2816 ,

412 2830 527 2892 Qu&
561 2829 789 2880 steterant
816 2833 961 2881 Artes
986 2864 999 2888 ,
1034 2848 1143 2896 pars
1171 2842 1315 2880 vacat
1345 2833 1427 2880 illa
1457 2831 1566 2878 tibi·-

336 2901 469 2964 Quid
502 2903 700 2952 veniant
722 2937 735 2960 ,
772 2904 990 2952 novitate
1018 2921 1162 2970 roges
1198 2902 1391 2952 fortaffe
1421 2903 1503 2954 sub
1535 2900 1662 2971 {psat
1714 2913 1722 2920 '

410 2974 595 3037 Accipe
620 3007 635 3032 ,
660 2975 995 3040 quodcumque
1018 2977 1085 3025 est
1108 3009 1122 3033 ‚
1150 2974 1408 3024 dummodo
1431 2990 1530 3022 non
1552 2974 1613 3024 sit
1633 2991 1786 3025 amor.

333 3047 561 3097 Invenies
586 3079 602 3103 ,
639 3049 852 3112 quamvis
886 3064 986 3097 non·
1014 3048 1081 3099 est
1109 3047 1386 3097 miserabilis
1418 3047 1562 3096 index
1588 3081 1602 3104 ,
1783 3061 1841 3108 15

401 3121 518 3169 Non
556 3119 835 3171 minushoc
868 3121 952 3171 illo
984 3109 1112 3171 triste
1140 3153 1156 3179 ,
1191 3121 1322 3186 quod
1355 3119 1662 3240 ametdlfij.

1547 3211 1564 3235 ν
1617 3205 1665 3253 ιι]
