2367 3942
434 422 614 491 Inrs.
805 420 876 513 381

166 538 203 589 Ut
215 553 275 603 quos
287 538 368 607 Scylla
378 556 463 599 vorax,
471 540 607 607 Scyllaeque
617 538 716 591 adversa
724 539 875 608 Charybdis,
889 538 939 605 385

205 610 328 661 Dulichiae
342 613 444 677 pavidos
461 614 572 680 eripuere
590 614 656 663 ratis

166 682 204 733 Ut
220 700 282 749 quos
299 685 395 737 demisit
410 684 496 736 vastam
512 686 677 754 Polyphemus
692 684 717 735 in
732 687 833 737 alvum:

204 755 241 805 Ut
252 756 430 825 Laestrygonias
447 759 487 826 qui
502 759 597 809 subiere
612 759 707 809 domos.

167 826 205 877 Ut
221 830 346 895 quospdux
362 830 448 883 Poenus
463 832 547 883 mersit
560 832 697 897 putealibus
714 830 803 891 undis,

204 902 237 951 Et
251 900 314 965 jado
329 919 401 955 canas
417 906 517 969 pulvere
531 904 592 954 feeit
605 917 689 970 aquas.
887 915 939 969 390

166 973 216 1024 Sex
234 975 272 1025 bis
285 988 312 1025 ut
327 976 433 1027 Icaridos
449 977 544 1027 famulae
559 977 655 1043 periere
672 976 808 1042 procique',

205 1046 281 1111 Inque
298 1060 372 1114 caput
387 1048 477 1099 domini
492 1050 532 1116 qui
548 1050 620 1100 debet
635 1066 701 1100 erma
716 1051 807 1114 procis.

166 1118 204 1169 Ut
219 1118 286 1184 jacet
299 1120 382 1171 Aonio
400 1122 502 1186 ludintor
517 1122 548 1172 ab
563 1122 658 1188 hospite
673 1122 758 1179 fusus,

206 1190 274 1255 Qui,
289 1193 372 1243 mirum
388 1193 394 1243 Ξ
409 1195 505 1253 vidior,
524 1193 578 1245 edm
596 1193 736 1253 cecidisset,
753 1206 816 1246 erat.

167 1264 204 1313 Ut
216 1262 282 1330 ¹quos
299 1266 381 1320 Antei
394 1268 471 1319 fortes
486 1262 590 1332 pressere
604 1268 712 1324 lacerti,
887 1280 936 1332 395

206 1334 325 1404 Quosque
341 1340 399 1389 fera
414 1339 486 1391 morti
503 1338 604 1391 Lemnia
618 1340 689 1389 turba
705 1338 781 1391 dedit.

90 1407 93 1424 ⁸
168 1406 205 1456 Ut
222 1411 262 1474 qui
275 1410 327 1475 post
341 1412 441 1478 longum
458 1411 517 1461 sacri
532 1411 675 1462 monstrator
690 1412 764 1477 iniqui

206 1482 294 1532 Elicuit
311 1483 425 1549 pluvias,
443 1483 537 1533 vie'birna
555 1484 647 1541 cesus,
665 1498 750 1549 equas.

168 1554 252 1605 Frater
268 1568 296 1605 ut
310 1556 391 1606 Antaei
404 1588 411 1613 ,
426 1572 475 1621 quo
491 1556 604 1622 sanguine
619 1556 719 1614 debuitj
738 1572 792 1607 eras

204 1624 309 1684 Tinxitr
328 1628 485 1694 &exemplis
501 1628 594 1677 occidit
609 1628 660 1694 ipse
677 1628 733 1679 suis.
887 1645 939 1691 400

167 1698 203 1747 Ut
222 1698 263 1762 qui
278 1700 418 1759 terribiles,
435 1717 480 1767 pro
495 1716 592 1768 gramen
607 1701 750 1753 habentibus
766 1700 866 1761 herbis,

204 1770 294 1835 Impius
312 1772 416 1825 humano
434 1773 526 1825 viscere
545 1773 611 1840 pavit
628 1790 713 1840 equor.

166 1842 267 1899 Utduo
279 1844 383 1903 'diuersis
400 1846 441 1897 sub
458 1847 545 1897 eodem
561 1846 657 1897 vindice
674 1846 731 1897 caesi

204 1916 366 1983 Temporibus
384 1919 489 1977 Nessus,
506 1920 691 1984 Dexamenique
710 1935 794 1986 gener.

167 1986 203 2036 Ur
214 2004 354 2055 pronepos,
372 1992 473 2041 Saturne
485 2024 492 2047 ,
510 2003 565 2042 tuus
577 2007 584 2040 ι
598 2007 668 2055 quem
678 1992 782 2041 reddere
793 1991 866 2043 vitam
885 2007 935 2054 405

205 2062 272 2111 Urbe
288 2062 424 2115 Coronides
440 2063 500 2113 vidit
515 2063 545 2111 ab
562 2062 612 2128 ipse
629 2062 678 2111 sud.

168 2133 204 2182 Ut
218 2133 300 2191 Sinis,
320 2135 346 2185 δι
359 2135 464 2194 Sciron,
483 2135 510 2185 bt
526 2151 579 2185 cum
594 2134 761 2201 Polypemone
777 2145 867 2193 natus,

204 2205 303 2273 Quique
320 2206 394 2257 homo
409 2220 477 2273 perte
495 2207 528 2257 sui
542 2240 549 2265 ,
567 2218 637 2273 parte
652 2206 769 2271 juvencus
785 2220 847 2256 erat.

167 2277 266 2344 Quique
280 2280 362 2330 trabes
375 2279 462 2345 preffar
478 2282 507 2329 ab
523 2279 724 2329 hume⁸mittebat
738 2279 764 2328 in
780 2296 868 2338 auras,

203 2348 318 2418 AEquoris
334 2352 449 2418 aspiciens
465 2351 537 2418 hujus
553 2352 578 2403 ὅ(
595 2350 666 2416 hujus
681 2368 766 2417 aquas.
884 2366 936 2412 4¹0

166 2422 278 2490 Quaeque
295 2425 372 2474 Ceres
388 2425 447 2475 vidit
465 2426 523 2475 laeto
536 2425 662 2489 pereuntia
677 2425 747 2475 vultu

205 2494 317 2562 Corpora
331 2497 427 2551 Thesei
444 2496 589 2564 Cercyonea
606 2513 686 2547 manu.

167 2568 228 2617 Haec
240 2570 283 2633 tibi
295 2603 303 2629 ,
320 2584 392 2637 quem
403 2570 494 2620 meritis
504 2571 618 2635 precibus
628 2586 682 2619 mea
693 2568 843 2622 devoverim
855 2602 863 2628 ,

204 2640 340 2701 Eveniant,
358 2655 399 2692 aut
413 2644 449 2691 his
465 2658 515 2693 non
532 2643 625 2693 leviore
640 2642 717 2691 malis.

168 2712 255 2777 Qualis
267 2714 450 2766 Achemenides
464 2715 545 2765 sicula
561 2714 668 2764 desertus
684 2714 710 2763 in
723 2712 817 2773 AEmu,
880 2731 932 2778 415

203 2784 297 2834 Troica
314 2786 366 2839 crim
382 2788 444 2838 vidit
459 2790 514 2838 vela
529 2787 632 2845 venire,
649 2787 704 2838 fuit.

168 2856 254 2922 Qualis
271 2870 323 2909 etat
339 2875 447 2911 necnon
463 2860 559 2911 fortuna
575 2860 700 2913 binominis
718 2857 771 2916 Iri,

204 2930 302 2995 Quique
319 2942 403 2982 tenent
419 2945 537 2996 pontem,
553 2946 606 2997 quer
620 2933 664 2980 tibi
680 2930 750 2996 pejor
764 2930 820 2983 erit.

91 3028 96 3039 .
165 3002 241 3055 Filius
258 3004 283 3053 dr
301 3002 397 3055 Cereris
413 3004 496 3055 frustra
510 3004 554 3053 tibi
570 3004 662 3069 semper
678 3014 789 3063 ametur,

203 3074 373 3143 Destituatque
388 3088 441 3129 ruas
458 3090 534 3166 usque
550 3076 642 3145 peritus
659 3091 729 3142 opes.
881 3091 933 3138 420,
