2367 3942
316 451 393 524 280
428 452 471 522 P.
499 453 694 522 Ονιυιι
720 453 954 522 Nasonis

271 589 304 634 25
316 572 351 622 At
366 572 436 620 labor
449 570 514 620 illius
526 569 609 620 nostro
623 571 750 636 leviorque
765 573 913 638 minorque:

350 644 377 692 si
390 644 464 693 modb
478 659 530 692 non
543 659 628 692 rernm
643 645 739 692 nomina
754 661 841 711 magna
856 659 977 710 prerount.

313 717 361 766 lile
375 716 410 765 eli
422 717 449 766 in
461 715 589 773 Pontum,
605 716 672 766 Pelii
685 717 816 774 mittente,
833 716 976 786 profec'lus,
1075 761 1076 766 ,

349 788 403 851 Qui
414 789 457 839 tix
467 787 594 838 Theffiliae
608 787 656 838 fine
671 790 792 840 timendus
808 803 871 840 erat.

315 860 416 910 (Marii
429 861 541 910 ira'milti
551 863 656 918 nocuit,
675 879 746 926 quem
760 862 824 912 Sulis
838 865 869 910 ab
886 877 943 912 ortu

269 947 305 1000 30
351 935 415 983 Solis
431 935 463 982 ad
476 935 577 983 occasus
590 945 692 999 utraque
708 947 773 984 terra
788 937 882 984 tremit.

312 1005 327 1058 J
329 1007 422 1056 nullior
431 1005 560 1055 llaemonia
570 1006 604 1054 est
613 1006 707 1062 Ponto,
719 1023 788 1072 quarn
799 1007 893 1065 Roma,
904 1008 935 1058 sit
946 1007 1013 1058 lllro:

348 1079 380 1128 Er
394 1078 510 1138 brevius,
525 1082 595 1144 quim
608 1095 671 1136 nos,
688 1080 730 1128 ille
744 1080 840 1146 peregit
854 1081 911 1130 iter.
983 1117 986 1128 .

310 1151 356 1202 llle
371 1152 456 1201 habuit
468 1152 589 1208 comites,
606 1153 698 1216 primos
713 1153 808 1202 telluris
825 1152 948 1204 Achiva:

346 1224 382 1274 Ar
395 1219 592 1274 nostram‘cunkli
607 1224 734 1274 destituere
749 1223 838 1291 lugam.

267 1308 301 1360 35
312 1298 367 1349 Nos
382 1296 462 1364 fragili
478 1296 569 1346 vadum
584 1299 651 1363 ligno
667 1297 808 1348 sulcavimus
824 1312 929 1362 aequor:

347 1368 411 1433 Quae
426 1371 483 1419 tulit
492 1369 625 1419 AEloniden
637 1402 646 1427 ,
659 1369 727 1418 firma
743 1369 822 1418 carina
836 1371 892 1420 fuit.

310 1443 364 1492 Nec
374 1443 468 1510 Tiphys
481 1443 539 1492 mibi
549 1442 629 1492 testor
641 1453 693 1491 erat
705 1459 712 1491 :
723 1459 770 1492 nec
780 1442 896 1508 Agenore
910 1455 998 1501 notus,
1018 1465 1023 1480 ·

348 1515 416 1580 Quas
426 1515 540 1581 sequerer
551 1547 560 1573 ,
577 1515 659 1564 docuit
671 1548 679 1572 ,
695 1531 753 1581 quas
763 1515 922 1582 fugerentque
938 1518 997 1566 rias.

309 1588 381 1638 Illum
395 1600 474 1638 tutata
490 1587 524 1638 est
539 1605 594 1638 cum
611 1586 708 1638 Pallade
724 1588 791 1653 regia
808 1587 890 1638 luno:

264 1673 300 1720 4ο
347 1660 490 1711 ὓεῐειιάἑῐε
505 1677 585 1710 meum
602 1661 696 1708 numina
712 1662 778 1710 nulla
793 1673 874 1724 caput.
1075 1679 1076 1750 q

309 1733 380 1782 llluro
397 1733 492 1783 furtiva
506 1731 592 1796 juvere
608 1732 733 1796 Cupidinis
746 1744 832 1791 artes,
1075 1763 1076 1794 q

345 1804 414 1867 Quas
430 1821 444 1852 a
458 1821 497 1852 me
513 1805 603 1854 vellem
618 1821 668 1852 non
684 1804 798 1854 didiciffet
815 1805 901 1856 Amor·

308 1877 354 1926 llle
371 1877 466 1926 domum
482 1876 555 1926 rediit
568 1891 575 1927 t
589 1891 634 1924 nos
648 1875 688 1924 hir
701 1877 833 1926 moriemur
847 1878 873 1926 in
888 1877 971 1936 arvis,

345 1947 478 1999 Periliterit
491 1950 542 2000 lesi
558 1949 578 1998 si
594 1949 672 2014 gravis
689 1949 723 1998 ira
738 1949 798 2000 Dei·

264 2036 297 2083 45
310 2022 404 2072 nnius
417 2021 451 2072 eil
465 2022 538 2090 igitur
552 2022 676 2079 nostrum,
693 2021 807 2072 fidissima
823 2020 933 2086 conjux,

345 2095 409 2152 lllo,
428 2096 495 2162 quod
508 2096 577 2145 subiit
595 2093 685 2145 AEsone
702 2094 794 2154 natus,
809 2111 880 2144 onus.

208 2166 211 2172 “
308 2167 348 2216 Te
359 2185 455 2234 quoque
466 2201 474 2227 ,
491 2186 562 2236 quani
572 2168 685 2233 iuvenem
696 2167 819 2220 discedens
828 2167 897 2216 Urbe
911 2169 1017 2233 reliqui,

347 2239 471 2291 Credibile
486 2240 521 2290 eli
536 2240 621 2290 nostris
638 2240 762 2290 insenuill'e
779 2241 856 2290 malis.

309 2313 334 2363 Ο
347 2312 355 2361 l
369 2327 436 2380 ego,
452 2312 608 2370 liifaciant,
625 2314 699 2362 talem
714 2325 740 2364 te
756 2329 856 2363 cernere
871 2313 979 2376 possim,

266 2401 299 2449 50
349 2384 460 2451 caraque
474 2386 571 2436 mutaris
586 2387 667 2436 oscula
682 2387 746 2436 ferre
762 2384 847 2452 genis!

307 2457 474 2524 Ampleuique
490 2460 550 2507 meis
567 2474 655 2524 corpus
672 2475 722 2508 non
739 2459 826 2524 pingue
843 2456 961 2514 lacerri53

346 2531 393 2587 Et,
414 2530 513 2581 Gracile
530 2532 578 2580 hoc
596 2531 675 2588 iecit,
692 2530 791 2588 dicere,
809 2544 865 2576 cura
881 2528 949 2585 mei!

309 2603 341 2659 Et
357 2619 455 2657 narrare
470 2619 538 2654 roeos
556 2603 624 2656 ilenti
639 2603 700 2652 fleur
715 2602 763 2666 ipse
779 2602 895 2655 labores,

343 2676 448 2741 Sperato
462 2693 591 2742 numquam
607 2675 777 2741 colloquioque
793 2671 859 2722 frui!

264 2762 278 2812 5
284 2763 296 2810 5
309 2747 426 2814 Turaque
441 2749 573 2802 Caesaribus
589 2765 643 2798 curn
660 2746 763 2812 conjuge
779 2743 872 2794 Caesare
887 2743 978 2811 digni,

341 2821 389 2872 Dis
407 2823 491 2882 veris,
506 2823 606 2873 memori
622 2820 701 2870 debita
717 2819 781 2868 ferre
798 2816 887 2866 mauu!
1044 2883 1049 2888 .

307 2893 447 2946 Memnonis
461 2898 523 2944 hanc
537 2894 646 2950 trunam,
663 2891 738 2940 lenito
754 2889 883 2954 Principe,
900 2903 980 2942 mater

343 2967 423 3032 Quam
437 2966 538 3036 primum
552 2965 623 3019 roseo
640 2977 761 3031 provocet
776 2981 820 3018 ore
839 2963 923 3014 dieml
