2367 3942
274 383 566 479 herorum
590 409 693 479 Lrn.
718 412 801 483 III.
852 434 902 506 79

187 531 311 598 Donaque
327 527 382 581 etim
398 529 481 579 videat
497 540 585 593 praeter
600 528 641 579 sua
655 528 744 579 lumina
761 530 820 581 ferri
911 529 962 595 635

223 604 305 655 Multa
318 604 417 669 palam,
436 602 499 653 mitti
517 603 578 652 clam
594 618 692 669 quoque
705 604 780 653 multa
795 616 874 670 putat.
897 642 901 647 .

187 679 247 727 Non
262 690 345 727 tamen
360 676 486 735 exailum,
505 676 563 742 quid
576 689 640 742 agat.
655 675 783 727 furialiter
797 678 871 737 odit,

225 750 257 800 Et
272 762 342 817 parat
357 750 452 800 insidias
465 780 480 808 ,κ
494 748 520 801 &
537 750 605 815 cupit
620 750 672 799 ulta
687 749 758 800 mori.
782 801 786 807 ,

114 830 116 837 ’
187 824 247 875 Nox
261 834 316 873 erat
330 838 338 873 ε
352 836 408 873 ante
422 836 501 873 torum
517 823 566 873 visa
582 822 617 872 eil
631 822 721 872 adstare
736 823 845 883 sororis,

223 895 370 963 squalenti,
385 896 469 955 Dido,
487 896 668 965 sanguinolenta
684 895 763 946 comi.
911 896 964 959 640

187 970 234 1028 Et,
247 969 332 1038 Fuge,
344 986 376 1021 ne
386 970 482 1030 dubita,
493 970 599 1022 maestum
609 970 683 1039 fuge,
694 970 789 1030 dicere,
798 969 899 1021 testum.

225 1044 277 1093 Sub
294 1044 520 1111 verbumquerulas
536 1043 632 1109 impulit
645 1060 704 1094 aura
718 1044 795 1096 fores.

192 1116 297 1176 Exsilit3
316 1118 342 1169 dt
356 1120 430 1168 velox
444 1117 528 1167 humili
542 1116 611 1183 super
625 1120 683 1168 ar'va
699 1117 802 1169 fenestrd

227 1190 258 1240 Se
273 1190 351 1257 jacit:
363 1192 479 1241 audacem
493 1190 587 1241 fecerat
602 1190 653 1257 ipse
667 1191 749 1242 timor.

193 1260 296 1330 Qua‘que
312 1276 379 1315 metu
395 1264 505 1329 rapitur,
524 1263 607 1314 tunici
621 1267 704 1314 velata
719 1264 844 1324 rerindilt,
912 1262 963 1326 645

125 1358 129 1365 ·
227 1336 328 1394 Currit,
347 1350 375 1387 ut
390 1337 479 1387 auditis
495 1337 580 1387 territa
595 1337 663 1387 dama
677 1337 765 1402 lupis..

193 1409 311 1479 Corniger
325 1412 388 1461 hanc
403 1409 498 1475 cupidis
514 1408 615 1475 rapuisse
628 1410 754 1459 Numicius
768 1409 839 1459 undis

227 1483 362 1542 Creditur,
381 1483 407 1533 δι
423 1482 510 1548 {lagnis
528 1480 658 1532 occuluiil‘e
674 1481 731 1532 suis.

192 1557 285 1609 Sidonis
302 1557 398 1607 interea
413 1570 502 1621 magno
518 1554 625 1604 clamore
639 1568 685 1619 per
699 1570 771 1623 agros

226 1629 356 1695 Quaetitun
366 1645 374 1679 ε
386 1638 503 1694 apparent
517 1627 583 1695 signa
598 1627 710 1694 notaque
724 1628 822 1696 pedum.
913 1626 929 1679 6
933 1644 965 1692 50

111 1741 114 1750 .
190 1704 300 1757 Ventum
318 1700 371 1771 erat
385 1702 417 1752 ad
430 1702 513 1769 ripas:
526 1702 621 1753 inerant
634 1700 731 1769 vestigia
745 1702 815 1770 ripis.

226 1776 340 1826 Sustinuit
352 1776 438 1826 tacitas
453 1775 562 1826 conscius
576 1776 651 1826 amuis
665 1792 748 1842 aquas.

189 1850 241 1916 lpsa
257 1850 324 1916 loqui
339 1849 387 1899 visa
402 1849 454 1909 eli,
473 1849 564 1900 Placidi
580 1850 629 1899 sum
645 1850 758 1916 Nympha
773 1847 891 1909 Numici,

225 1922 304 1973 Amne
320 1938 428 1989 perenne
443 1924 520 1973 latens
536 1925 606 1973 Anna
619 1921 728 1971 Perenna
742 1938 830 1972 vocor.

189 1994 301 2047 Protinus
319 1996 405 2045 erratis
419 1996 472 2045 laeti
487 1994 618 2044 vescuntur
633 1995 657 2042 in
672 1994 757 2061 agris,
911 1994 962 2058 655

225 2070 257 2119 Et
272 2070 400 2117 celebrant
415 2068 483 2132 largo
498 2067 571 2132 seque
588 2066 699 2133 diemque
713 2083 792 2117 mero.

191 2142 284 2193 SUNT
292 2141 380 2207 quibus
386 2140 512 2189 haecLuna
523 2138 623 2207 eil,quia
629 2139 751 2190 mensibus
759 2140 858 2207 impleat
866 2157 964 2200 annum3

226 2215 284 2265 Pars
299 2214 424 2272 Themin,
443 2214 562 2263 Inachiam
577 2229 632 2279 pars
646 2225 716 2279 putat
730 2212 778 2264 elle
793 2215 892 2265 bovem.

189 2288 303 2339 Invenies
316 2321 324 2347 ‚
342 2287 384 2353 qui
397 2297 423 2338 te
438 2286 569 2355 Nymphen
582 2285 706 2338 Atlantida
718 2287 798 2337 dicant
810 2304 820 2347 ;

226 2361 314 2427 Teque
329 2360 387 2412 lovi
400 2361 508 2426 primos,
528 2360 618 2419 Anna,
637 2359 727 2411 dedille
742 2362 819 2411 cibor.
911 2360 965 2413 660

189 2434 254 2485 Haec
265 2450 376 2501 quoque,
388 2450 458 2499 quam
468 2434 585 2491 referam,
597 2433 687 2485 nostras
698 2434 809 2500 pervenit
819 2434 850 2486 ad
859 2448 929 2486 aures

229 2508 299 2557 Fama
311 2523 319 2558 t
331 2524 377 2557 nec
393 2526 407 2557 a
421 2506 480 2557 veri
497 2506 597 2557 dissidet
611 2506 651 2557 illa
667 2505 723 2557 fide.

176 2578 263 2631 ·Plebs
278 2592 367 2638 vetut,
386 2581 411 2631 ὅ(
427 2581 497 2631 nullis
512 2580 643 2631 etiamnum
656 2592 709 2631 tuta
721 2580 856 2640 Tribunis,

227 2654 315 2721 Fugit3
334 2653 359 2704 ὃ(
373 2653 398 2703 in
412 2655 473 2704 sacri
486 2654 580 2703 vertice
593 2654 682 2704 montis
697 2654 756 2705 abit.

190 2726 244 2779 lam
255 2724 370 2793 quoque,
387 2744 458 2795 quem
469 2728 549 2777 secum
560 2728 683 2786 tulerant,
699 2727 826 2779 defecerat
835 2726 891 2779 illos
911 2721 945 2775 66
950 2738 962 2785 ς

227 2799 335 2857 vium,
355 2800 380 2851 dt
394 2800 502 2851 humanis
517 2799 600 2850 usibus
616 2813 673 2867 apta
687 2800 775 2851 Ceres.

192 2872 257 2923 Orta
273 2872 410 2923 suburbanis
427 2874 535 2940 quaedam
550 2873 596 2923 tuit
610 2873 681 2928 Anna
692 2872 793 2923 bovillis

228 2944 342 3009 Pauper,
361 2944 400 2995 sed
416 2948 509 2999 munde
525 2946 677 3008 sedulitatis,
694 2960 763 2994 anus.

191 3018 254 3075 illa,
274 3016 323 3067 levi
341 3014 410 3067 'mitri
427 3036 500 3070 canos
515 3020 628 3069 redimita
644 3017 766 3083 capillus,

227 3091 346 3161 Fingebat
360 3091 463 3143 tremuli
476 3092 561 3143 rullica
576 3092 624 3143 liba
640 3107 722 3141 mauu.
794 3157 841 3207 D·
912 3085 965 3148 67ο

834 3176 859 3207 w
915 3197 918 3204 n
