2367 3942
271 396 785 515 ,ansrrvn'zinjn
839 450 911 525 175
969 444 974 455 ⁴

386 687 639 754 ELEGIA
680 686 792 751 VII.

203 781 267 895 L
284 858 358 911 caput
373 847 421 896 alta
435 846 501 898 suum
518 850 631 909 labentur
644 848 675 898 ab
689 862 788 916 aequore
803 857 870 899 retro

238 920 368 977 Flumina,
387 922 510 971 conversis
528 921 619 988 Solque
632 916 745 972 'recurret
760 922 827 986 equis
839 937 849 978 ;

202 992 280 1041 Terra
294 992 360 1041 feret
372 992 470 1051 stellas,
486 995 574 1043 coelum
589 993 696 1045 findetur
711 1005 810 1050 aratro,
831 999 851 1020 '⁸

238 1064 311 1113 Unda
326 1065 392 1115 <ubit
406 1066 532 1126 flammas,
554 1068 580 1117 dt
597 1068 661 1116 dabit
677 1068 738 1135 ignis
754 1080 845 1133 aqum

202 1136 290 1189 Omnia
307 1150 400 1187 naturae
415 1140 557 1206 praepostera
571 1124 663 1207 ligibus
678 1141 766 1197 ibunt,

237 1210 344 1277 Parsque
360 1211 426 1261 suum
442 1214 525 1263 mundi
539 1214 604 1262 nulla
617 1214 711 1263 tenebit
725 1213 794 1270 iter;

203 1283 292 1333 Omnia
308 1282 356 1348 jam
372 1283 451 1344 fient,
466 1284 518 1336 sieri
534 1304 587 1352 quae
601 1286 667 1351 poli'e
684 1288 799 1351 negabam
812 1300 821 1342 l

240 1356 271 1408 Et
287 1356 346 1406 nihil
360 1356 413 1416 est,
429 1358 460 1408 de
477 1375 525 1425 quo
541 1376 590 1408 non
608 1360 639 1408 sit
654 1358 764 1408 habenda
778 1356 848 1405 fides.
902 1386 905 1391 ·

201 1428 263 1477 llaec
279 1444 328 1495 ego
344 1431 478 1490 vaticinor,
499 1432 618 1497 quiasum
633 1432 750 1497 deceptus
766 1430 796 1479 ab
811 1430 874 1487 illo,
905 1428 908 1433 ’

150 1550 157 1565 ,
237 1502 352 1552 Laterum
368 1503 455 1553 misero
472 1520 544 1570 quem
558 1504 616 1552 mihi
632 1507 702 1552 rebar
717 1518 798 1567 opem.
906 1513 957 1549 ,ιο

200 1575 313 1624 Tantane
330 1586 377 1631 te,
394 1576 487 1634 fallax,
504 1592 593 1640 cepere
609 1575 700 1625 oblivia
713 1572 806 1625 noliri?

237 1646 390 1697 Afflisiumne
405 1647 453 1698 suit
468 1660 550 1698 tantus
564 1649 630 1698 adire
647 1646 749 1713 pudor?

201 1720 239 1770 Ut
255 1736 335 1787 neque
348 1722 503 1787 respiceres,
518 1738 565 1771 nec
581 1722 687 1771 solarere
702 1720 846 1788 jacentem,

186 1831 191 1834 .
236 1791 330 1843 Dure?
348 1810 395 1843 nec
410 1794 535 1862 exsequias
546 1790 727 1861 ’prosequerere
742 1792 829 1844 meas?

199 1866 264 1915 lllud
281 1866 393 1917 amicitie
408 1868 510 1918 santium
527 1885 556 1917 ac
571 1869 711 1919 venerabile
727 1884 817 1919 nomen
923 1876 954 1927 ις

236 1938 276 1987 Re
292 1939 338 1988 tibi
352 1957 397 2005 pro
414 1940 456 1990 vili
472 1940 512 1991 sub
528 1942 678 2008 pedibusque
694 1939 782 2009 jacet?

201 2010 268 2076 Quid
283 2011 348 2069 suit,
366 2013 458 2079 ingenti
470 2013 611 2078 proslratunu
628 2017 693 2064 mole
706 2013 812 2064 sodalem

236 2084 344 2141 Visere,
362 2085 388 2135 ὅ(
404 2085 501 2151 alloquii
518 2100 585 2151 parte
601 2088 683 2138 levate
699 2085 757 2137 tui?

200 2157 276 2223 lnque
293 2172 363 2206 meos
380 2155 401 2205 si
416 2173 468 2206 non
483 2159 611 2227 lacrymam
625 2160 745 2210 dimittere
761 2157 848 2217 casus,

237 2228 318 2279 Pauca
334 2240 416 2280 tamen
431 2228 487 2281 sasto
500 2234 575 2281 verba
589 2234 676 2283 dolore
690 2230 783 2299 queri?
920 2241 955 2279 ιο

199 2302 298 2367 quue,
314 2303 381 2368 quod
395 2303 473 2370 ignoti
484 2305 576 2354 faciunt
588 2339 595 2363 ,
611 2306 748 2359 valedicere
764 2303 867 2362 saltem

236 2376 269 2424 Et
284 2392 372 2438 vocem
387 2377 471 2441 populi
486 2379 631 2443 publicaque
647 2394 689 2429 ora
705 2374 792 2443 sequi?

200 2447 315 2513 Denique
331 2449 445 2515 lugubres
461 2452 566 2508 vultus,
587 2466 761 2516 numquamque
776 2447 894 2499 videndos
937 2490 940 2495 ,

238 2520 347 2570 Cernere
366 2520 497 2587 supremo,
514 2524 569 2573 dum
584 2524 718 2588 licuitque,
738 2522 776 2571 die
791 2519 816 2585 ἓ,

201 2592 388 2660 Dicendumque
404 2595 477 2645 semel
491 2607 546 2645 toto
561 2612 611 2645 non
624 2596 723 2661 amplius
739 2610 793 2644 aevo
826 2588 830 2595 ’
922 2605 936 2639 2
942 2604 953 2651 5

239 2666 378 2732 Accipere,
397 2667 422 2717 &
436 2669 505 2732 parili
518 2667 622 2717 reddere
636 2684 717 2725 voce,
733 2662 820 2719 Vale?

202 2737 237 2801 At
251 2739 334 2789 fecere
348 2740 388 2789 alii
402 2742 470 2789 nullo
484 2741 542 2794 mihi
555 2740 649 2791 soedere
662 2740 736 2807 juncti
748 2746 768 2798 5⁴

239 2812 271 2861 Et
286 2814 404 2880 lacrymas
420 2814 491 2864 animi
510 2814 576 2881 signa
588 2814 678 2863 dedere
697 2813 741 2863 lui.

90 2887 94 2893 ’
201 2883 291 2947 Quid?
309 2886 355 2937 nisi
371 2887 483 2936 convisiu
499 2887 624 2951 causisque
638 2886 776 2955 ualentibus
794 2882 884 2940 essem,

237 2958 367 3023 Temporis
382 2959 407 3009 δι
422 2961 488 3027 longi
500 2960 594 3009 vinsius
610 2974 693 3008 amore
707 2956 752 3007 tibi
764 2954 774 3005 i
922 2966 956 3017 30

202 3028 293 3092 Quid?
312 3032 359 3081 nisi
378 3043 417 3082 tot
432 3033 495 3082 lusus
513 3033 538 3081 δι
554 3044 594 3081 tot
609 3048 660 3081 mea
676 3031 735 3080 seria
751 3028 848 3087 nosses,

181 3164 189 3176 ,
236 3103 289 3155 Tot
304 3104 395 3155 nossem
410 3105 474 3157 lusus
490 3105 598 3172 seriaque
614 3104 663 3171 ipse
678 3117 719 3156 tua
734 3100 745 3152 ἓ
804 3172 848 3224 H'

842 3188 866 3221 nr
