2367 3942
251 360 395 447 Error.
421 366 656 447 nrt'Porrro.
676 378 716 445 L.
741 376 809 447 III.
839 398 916 474 319

189 494 223 545 si
241 496 320 547 minus
338 496 458 555 errasset,
476 508 548 547 notus
564 496 642 547 minus
658 494 717 547 effer
731 496 828 565 Ulyffes
841 514 850 555 3

235 570 328 637 Magna
345 570 485 620 Philonem
500 573 603 620 vulnere
620 570 683 619 fama
700 571 743 620 suo
760 571 803 620 est.
833 580 836 587 '
867 580 871 589 ’

193 641 225 692 si
238 644 309 695 locus
326 642 360 693 est
374 644 458 710 aliquis
475 656 542 693 tanta
559 645 623 693 inter
637 643 733 693 nomina
749 644 849 710 parvis,
926 660 958 709 55

234 717 290 766 Nos
308 734 405 783 quoque
421 718 562 783 conspicuos
580 716 658 768 nostra
671 718 739 767 ruina
756 717 824 767 facit.

155 839 158 843 .
193 789 254 839 Nec
272 802 298 839 te
314 791 400 840 nesciri
417 791 508 859 patitur
522 806 576 841 mea
594 788 699 858 pagina,
720 789 832 856 quinon

235 862 340 913 inferius
358 864 411 913 ent
426 864 522 914 Battide
538 880 628 922 nomen
642 864 727 913 habes.

195 934 325 1003 Quicquid
339 954 397 1005 eges
412 938 502 1005 igitur,
520 935 592 987 scene
608 936 746 1003 spestabere
761 936 868 1005 magnit

233 1008 267 1059 Et
283 1010 340 1076 pin,
358 1027 407 1061 non
423 1011 503 1078 parvis
519 997 636 1069 testiist,
653 1026 715 1061 uxor
731 1010 788 1060 eris.
923 1008 958 1061 60

195 1080 281 1133 Crede
299 1084 376 1143 mihi,
396 1084 491 1151 quoties
508 1083 615 1163 laudarig
627 1084 733 1134 carmine
749 1083 851 1143 nostro,

178 1195 183 1201 .
235 1155 300 1221 Quae
316 1157 376 1225 legit
392 1157 553 1217 haelendes,
571 1174 603 1207 an
618 1174 747 1216 mereare,
765 1169 846 1225 rogat.

195 1228 283 1295 thue
301 1230 383 1281 fauere
400 1246 457 1281 reor
472 1232 554 1297 plures
568 1231 698 1281 virtutibus
714 1229 783 1289 istis,
900 1223 904 1232 ’

236 1302 276 1351 Sic
292 1315 333 1354 tua
349 1321 398 1354 non
414 1321 498 1369 paucae
515 1320 616 1369 carpere
632 1304 693 1353 faria
707 1305 802 1353 volent.

197 1373 304 1439 Quare,
323 1388 351 1426 tu
366 1377 469 1443 presta,
488 1391 519 1426 ne
537 1376 614 1425 Livor
632 1376 715 1426 dicere
732 1377 831 1441 possit3
923 1374 957 1440 65

235 1448 296 1499 Haec
313 1449 347 1499 est
362 1466 406 1515 pro
424 1450 502 1499 miseri
518 1450 584 1499 lenta
602 1449 678 1499 salute
694 1449 750 1499 viri.

194 1520 308 1589 Crimque
325 1540 373 1589 ego
387 1521 516 1580 deficiam,
535 1538 581 1572 nec
597 1522 688 1587 possim
706 1522 796 1572 ducere
811 1536 930 1580 currum,

235 1594 283 1645 Fac
299 1607 327 1644 tu
344 1594 454 1646 sustineas
473 1595 552 1645 debile
570 1595 620 1645 sola
636 1593 730 1661 jugum.
793 1621 797 1624 >

114 1684 117 1689 ·
193 1667 235 1719 Ad
252 1668 373 1719 medicum
391 1668 490 1736 sperio,
507 1668 577 1719 venis
594 1668 761 1735 fugientibus,
778 1681 864 1734 aeger:

232 1741 327 1792 Ultima
341 1758 396 1808 pars
413 1742 497 1792 animae
515 1742 570 1791 dum
587 1741 645 1791 mihi
660 1740 750 1799 restat,
771 1741 838 1789 ades.
921 1755 957 1802 70

194 1813 321 1881 Quodque
333 1831 380 1883 ego
391 1814 524 1881 praestarem
536 1850 545 1871 ,
562 1816 582 1866 si
594 1828 619 1866 te
629 1815 704 1883 magis
715 1814 765 1881 ipse
774 1816 882 1864 valerem
894 1845 901 1872 ,

232 1888 260 1937 ld
274 1888 349 1947 mihi,
369 1887 422 1938 edm
437 1890 518 1938 valeas
534 1887 641 1947 forrids,
659 1889 708 1954 ipsa
723 1888 798 1937 refer.

193 1960 278 2027 Exigit
293 1961 340 2010 hoc
359 1960 451 2011 socialis
467 1977 552 2019 arnor,
570 1961 699 2025 foedusque
716 1961 845 2010 maritum:

233 2033 345 2083 Moribus
359 2034 428 2092 hoc,
446 2032 555 2098 conjux,
575 2030 651 2099 exigis
668 2032 716 2097 ipsa
733 2032 791 2081 tuis.

107 2138 109 2142 ·
194 2105 254 2157 Hoc
270 2106 351 2156 domui
369 2106 462 2163 debes,
482 2106 512 2155 de
528 2104 575 2173 qui
591 2105 695 2154 censeris
706 2138 715 2163 ,
728 2117 756 2154 ut
770 2104 835 2153 iilarn
917 2118 951 2168 75

233 2181 292 2229 Non
309 2179 383 2246 magis
398 2176 503 2238 officiis,
522 2181 591 2245 quim
609 2178 732 2243 probitate
744 2185 757 2236 ,'
771 2178 848 2227 colas.

196 2252 291 2303 Cunila
308 2253 368 2301 licet
386 2252 479 2311 facias5
498 2253 542 2301 nisi
558 2252 590 2303 sis
609 2250 753 2309 laudabilis,
771 2267 854 2309 tutor,

233 2328 292 2375 Non
307 2326 400 2391 poterit
417 2326 484 2377 credi
498 2325 591 2375 Marcia
607 2326 672 2375 culta
688 2325 744 2375 tihi.
797 2373 799 2375 .

194 2400 250 2450 Nec
268 2398 345 2448 sumus
362 2399 473 2466 indigni3
490 2416 554 2457 nec,
571 2400 591 2449 si
606 2399 642 2449 vis
660 2414 718 2447 vera
734 2396 826 2453 fateri,

232 2472 346 2522 Debetur
359 2473 449 2523 meritis
464 2474 540 2541 gratia
557 2474 623 2522 nulla
637 2472 708 2523 meis.
864 2480 867 2484 '
917 2469 953 2520 80

102 2590 104 2595 .
142 2546 147 2556 “
194 2544 314 2595 Redditur
329 2546 370 2596 ilia
387 2545 482 2613 quidem
499 2546 583 2612 grandi
600 2563 654 2596 curn
668 2545 754 2595 fenore
770 2544 862 2603 nobis,

232 2618 346 2677 Necte,
365 2619 385 2669 si
403 2619 485 2685 cupiat
500 2619 589 2668 iaedere
602 2650 611 2677 ,
626 2618 701 2668 Livor
713 2619 797 2668 habet.

196 2691 247 2743 Sed
263 2702 341 2741 tamen
357 2693 405 2751 boc
422 2692 489 2743 fadis
507 2690 612 2757 adjunge
626 2691 744 2757 prioribus
761 2706 857 2749 unum3

233 2764 280 2815 Pro
297 2764 379 2815 nostris
397 2766 472 2815 ursis
489 2765 612 2815 ambitiosa
627 2765 704 2815 malis.

193 2836 231 2889 Ut
247 2839 323 2888 minus
341 2838 422 2887 infesti
438 2838 529 2902 jaceam
546 2839 668 2907 regione,
685 2839 794 2891 laborm
916 2833 949 2897 85

231 2910 323 2962 Claude
338 2927 384 2961 nec
400 2910 472 2962 officii
487 2928 540 2979 pars
558 2913 605 2961 erit
621 2913 671 2960 ulla
686 2910 733 2959 rui.

193 2983 285 3051 Magna
301 2996 379 3048 peto,
398 2983 438 3033 sod
455 3002 504 3033 non
520 2998 602 3033 tamen
619 2982 736 3033 invidiosa
752 2980 859 3049 roganti.

229 3056 314 3127 thue
331 3072 359 3108 ea
375 3074 423 3109 non
439 3070 542 3113 teneas,
561 3069 614 3108 tuta
627 3056 723 3126 repulsu
741 3067 782 3106 tua
795 3054 841 3178 Est:

835 3140 862 3181 Ν
