2367 3942
266 421 551 489 Tnzsrrvar
577 369 687 488 [ἰῇ.
717 419 758 485 V.
809 433 885 509 257

180 541 208 590 sn
222 539 305 605 paneis
321 548 449 590 remanent
464 533 547 601 Grajoe
561 535 658 603 vestigia
673 534 779 602 lingua:

216 612 277 662 Haec
291 627 390 678 quoque
404 611 452 674 jam
468 607 561 660 Getico
575 610 675 658 barbara
690 607 750 658 sosia
766 607 836 668 sono,

181 685 252 735 Ullus
266 685 293 734 in
308 685 356 733 hoc
372 683 413 732 vix
427 681 462 732 ess
474 682 585 747 populo,
602 681 642 747 qui
657 681 722 730 sorte
738 679 824 734 Latiu'e

215 755 341 824 Qualibet
356 772 370 804 e
385 755 466 804 medio
481 754 585 804 reddere
600 755 674 803 verba
690 765 772 819 queat.

179 829 222 880 lue
237 845 286 896 ego
298 828 421 878 Romanus
434 838 523 885 vates,
539 825 675 893 ignoscite,
690 826 786 885 Musae,
900 842 912 890 5
919 842 930 889 5

213 901 350 952 Sarmatico
365 915 442 967 cogor
456 900 558 966 plurima
571 915 640 950 more
655 898 731 964 loqui.

178 975 215 1024 En
229 974 327 1040 pudet,
346 973 372 1023 dt
389 974 468 1023 fateor
479 989 491 1030 ς
504 970 554 1038 jam
567 971 724 1023 desuetudine
739 971 813 1040 longd

212 1047 266 1100 Vix
279 1046 382 1096 subeunt
397 1045 443 1112 ipsi
455 1047 530 1096 verba
546 1044 632 1096 Latina
645 1045 712 1096 mihi.
810 1079 812 1085 ,

176 1121 231 1171 Nec
242 1119 348 1178 dubito,
364 1119 421 1184 quin
431 1118 479 1168 sint
491 1119 517 1170 δι
527 1119 551 1168 in
562 1120 610 1169 hoc
620 1135 669 1168 non
680 1135 755 1183 pauca
766 1118 849 1170 libello

212 1191 338 1242 Barbara:
352 1208 402 1241 non
415 1192 518 1241 hominis
532 1193 602 1258 culpa
616 1223 624 1250 ,
643 1192 683 1242 sed
698 1191 738 1242 issa
753 1194 810 1242 loci.
896 1191 931 1242 60

176 1267 217 1316 Ne
229 1278 312 1321 tannen
328 1263 439 1336 ausonia
450 1265 549 1331 perdam
563 1265 709 1315 conmercia
723 1265 831 1332 lingua,

212 1338 246 1388 Et
261 1337 304 1388 fiat
315 1339 395 1403 patrio
409 1353 459 1388 vox
475 1354 528 1388 mea
542 1350 608 1388 muta
623 1337 681 1390 sono
694 1354 704 1396 ς

175 1410 229 1478 lpse
244 1412 334 1478 loquor
349 1427 463 1469 mecum,
480 1411 626 1477 desuetaque
642 1412 716 1461 verba
733 1409 857 1469 tetradio,

212 1484 247 1534 Et
260 1483 329 1533 studii
343 1495 430 1548 repeto
444 1484 511 1550 signa
526 1483 618 1534 sinistra
633 1483 692 1534 mei.

176 1555 218 1608 stc
225 1557 332 1606 anirnum
339 1568 484 1622 tempusque
493 1557 584 1616 traho:
597 1572 685 1622 meque
695 1556 745 1622 ipse
756 1555 848 1608 reduco
896 1553 911 1605 6
916 1569 927 1618 5

211 1629 237 1679 A
251 1631 435 1695 contemplatu,
452 1629 650 1696 submoueoque,
666 1629 730 1680 mali.

175 1701 329 1752 Carminibus
345 1719 428 1769 quero
443 1702 580 1754 miserarum
595 1702 683 1752 oblivia
699 1717 802 1755 rerum:

209 1773 310 1825 Praemia
324 1775 345 1825 si
360 1774 437 1827 studio
451 1776 586 1844 consequor
600 1775 661 1836 ista,
676 1775 712 1828 sat
725 1775 767 1826 esi.

233 1864 879 1955 θ-’έ-έ--τῆᾒι-Δ--ψτ--ϋ

349 1981 601 2044 ELEGIA
642 1981 783 2044 VIII.

172 2075 266 2195 No
274 2154 293 2190 Ν
306 2139 369 2190 adeo
381 2140 478 2198 cecidi,
491 2139 598 2206 quamvis
608 2137 733 2205 dejeuus,
748 2150 774 2188 ut
786 2138 846 2188 insta

209 2216 250 2265 Te
261 2230 361 2283 quoque
371 2214 415 2264 sim
427 2230 435 2264 ε
445 2213 547 2264 inferius
557 2229 607 2280 quo
618 2212 674 2262 nihil
686 2209 732 2262 esse
743 2211 830 2275 potest.

175 2287 238 2353 Quae
249 2288 294 2338 tibi
304 2304 344 2338 res
355 2289 446 2337 animos
456 2287 481 2337 in
491 2303 530 2336 me
541 2285 618 2342 satit,
633 2284 740 2349 improbe
752 2281 762 2332 ἓ
778 2301 850 2336 curve

212 2361 314 2410 Casibus
330 2360 445 2418 insultas,
463 2376 525 2427 quos
539 2370 610 2424 potes
627 2358 676 2423 ipse
692 2353 763 2423 pati?

174 2433 229 2483 Nec
243 2435 303 2484 mala
314 2447 340 2484 te
354 2433 460 2487 reddunt
473 2433 556 2490 mitem
569 2431 720 2498 placidumve
734 2429 827 2497 jacenti
892 2446 906 2495 5

210 2506 297 2556 Nostra
308 2541 317 2564 ,
330 2508 415 2572 quibus
429 2507 523 2571 possint
536 2500 686 2572 illacry'mare
700 2505 757 2556 serae
770 2503 781 2555 ἓ

158 2579 229 2636 ,Nec
242 2580 329 2630 metuis
344 2580 417 2629 dubio
430 2580 544 2630 fortune
559 2577 639 2630 dantis
654 2578 679 2628 iu
692 2579 751 2630 orbe

210 2652 324 2710 Numen,
344 2652 370 2702 &
386 2653 465 2702 enosae
479 2653 552 2702 verba
569 2651 668 2716 superba
684 2649 768 2702 Doae?

173 2720 283 2790 Exsget,
303 2725 332 2774 ah
346 2723 352 2773 !
366 2724 449 2792 dignas
465 2724 538 2776 ultrix
553 2722 698 2774 Rhamnusia
712 2740 818 2790 poenas:

210 2796 326 2863 Imposito
341 2799 419 2848 calcas
434 2797 492 2864 quid
507 2813 560 2848 mea
576 2796 625 2847 fata
640 2798 703 2866 pede
717 2795 728 2846 ἔ
890 2809 922 2847 ro
998 2801 1003 2811 ¹
1093 2783 1094 2790 ἵ

171 2869 232 2922 Vidi
247 2885 313 2936 ego,
330 2871 479 2938 navifragum
492 2871 532 2937 qui
546 2870 653 2928 riserat,
669 2886 768 2934 aequore
782 2870 876 2938 mergi:

209 2941 259 2999 Et,
277 2943 431 3008 Numquam,
448 2944 515 3000 dixi,
532 2942 615 3008 justior
629 2941 693 2990 unda
708 2941 764 2990 suit.

171 3013 235 3068 Vilia
252 3015 293 3079 qui
307 3015 426 3080 quondam
440 3016 530 3065 miseris
542 3016 653 3064 alimenta
668 3026 788 3081 negarat,

204 3089 277 3144 Nunc
292 3089 429 3142 mendicato
444 3088 547 3156 pascitur
563 3087 612 3155 ipse
629 3087 697 3140 cibo,
