2367 3942
299 398 372 497 328
422 396 464 465 P.
491 394 685 503 qmtm
712 392 951 464 Nasonis

296 518 362 568 Durn
375 514 418 565 tibi
433 526 541 583 gratatur
553 513 679 580 Populus,
697 524 823 579 totamque
836 529 881 579 per
897 515 1000 565 Urbem

253 607 288 659 90
336 588 423 640 Omnia
438 588 546 639 odoratis
563 587 658 655 ignibus
674 603 714 635 ara
731 588 815 635 calet:

297 664 363 715 Dum
379 662 462 712 faciles
478 660 555 711 aditur
571 660 663 726 prebet
679 659 821 709 venerabile
837 660 986 724 tempium

333 734 480 803 sperandum
496 733 586 784 nostras
603 732 668 799 posse
681 733 764 781 valere
779 747 874 797 preces.

296 810 387 867 Dixin
406 808 432 859 bc
446 819 488 857 aut
502 808 543 857 ille
558 806 591 856 esi
606 820 694 856 tenues
707 805 810 871 dilapsus
827 804 852 855 in
865 822 960 865 auras.

333 882 471 948 Coeperunt
487 880 567 931 sensus
582 891 624 929 aut
639 880 741 946 vigilare
756 879 816 927 inei.

252 971 267 1023 9
272 971 284 1023 5
299 956 324 1007 si
341 956 468 1013 dubitem,
485 954 542 1021 quin
558 953 595 1003 his
608 953 707 1009 sarteas,
726 950 762 1000 o!
776 949 902 1010 Maxime,
920 950 1012 1011 distis.

334 1027 479 1079 Memnonio
496 1042 587 1094 cycnos
605 1025 654 1075 esse
668 1026 754 1074 colore
768 1035 860 1089 putem.

296 1102 345 1152 sed
361 1118 440 1168 neque
457 1112 562 1151 mutatur
578 1099 647 1166 nigri
660 1099 714 1164 pice
729 1096 818 1147 lasieur
834 1097 946 1149 humor:

332 1176 405 1233 Nec,
422 1174 487 1241 quod
503 1185 556 1223 erat
572 1172 695 1229 candens,
709 1168 920 1233 sitterebinthus,
939 1172 1017 1223 ebur.

297 1246 453 1299 Conveniens
467 1246 547 1297 animo
562 1262 639 1313 genus
654 1243 687 1293 est
700 1242 748 1293 tibi
755 1260 771 1302 3.
783 1244 864 1293 nobile
878 1261 996 1313 namque

236 1336 285 1373 100
333 1320 418 1372 Pectus
428 1354 442 1379 ,
457 1320 483 1371 bc
498 1320 629 1369 Herculea
643 1317 803 1383 simplicitatis
819 1318 904 1366 habes.

296 1394 371 1443 Livor
381 1428 396 1454 ‚.
407 1394 471 1443 iners
489 1393 573 1441 vitium
586 1424 594 1450 ‚
611 1406 691 1441 mores
704 1406 754 1439 non
767 1390 820 1441 exit
833 1390 858 1438 in
873 1390 960 1450 istor,

332 1467 416 1535 thue
430 1468 508 1517 lateus
523 1465 569 1515 int
583 1466 668 1530 vipera
683 1462 757 1529 serpit
768 1463 851 1513 humo.

296 1540 370 1591 Mens
384 1552 428 1590 tua
442 1539 545 1590 sublimis
560 1538 630 1607 supra
645 1553 721 1605 genus
737 1537 829 1586 eminet
844 1534 947 1601 ipsumr

334 1612 456 1664 Grandine
471 1612 569 1681 ingenio
586 1627 632 1660 nec
649 1610 695 1660 tibi
706 1626 795 1659 nornen
810 1608 879 1659 inest.

236 1700 284 1750 105
298 1687 364 1755 Ergo
380 1687 420 1735 alii
434 1698 539 1736 noceant
554 1684 664 1743 miseris,
682 1694 817 1749 optentque
833 1683 936 1742 timeri,

332 1758 466 1825 Tinsiaque
484 1758 590 1808 mordaci
608 1757 698 1821 spicula
715 1756 772 1805 felle
790 1766 883 1823 gerant.

297 1832 330 1883 Aa
346 1844 387 1881 tua
401 1830 546 1895 supplicibus
562 1829 647 1879 domus
662 1826 696 1878 est
711 1826 800 1879 assueta
814 1827 940 1892 juvandis.

332 1904 359 1955 ln
375 1918 475 1970 quorum
489 1919 590 1975 nurnero
607 1918 664 1961 me,
679 1916 788 1967 precor²
801 1898 849 1951 esse
862 1901 940 1953 velis..

294 2011 942 2085 afflq-ssffl

206 2122 210 2133 '
388 2128 901 2226 ΕΡΊετοιΑιν.θ

489 2252 763 2317 Rur1un

297 2346 368 2464 H
377 2425 427 2463 uc
440 2412 486 2463 tibi
494 2428 544 2463 non
553 2427 639 2460 vanarn
649 2408 770 2477 portantia
780 2408 854 2460 verba
865 2406 964 2459 salutem
976 2442 992 2468 „

334 2484 398 2535 Naso
411 2484 540 2535 Tomitana
557 2482 631 2533 mittit
646 2484 676 2533 ab
692 2483 752 2532 urbe
768 2494 847 2539 tuus-3

297 2556 380 2623 thue
399 2557 441 2607 suo
456 2552 538 2608 faveas'
555 2557 670 2614 mandat,
687 2554 794 2612 Rufino,
811 2554 946 2620 Triumpho
960 2572 970 2613 ;

334 2630 361 2680 ln
375 2630 468 2681 vesicas.
480 2631 548 2683 venit
560 2630 581 2680 si
597 2642 678 2681 tamen
693 2629 734 2679 ilie
750 2644 858 2677 manus.·

272 2716 287 2767 5⁴
298 2701 338 2753 Est
351 2719 412 2769 opus
428 2703 559 2771 exiguum,
577 2702 696 2768 vassisque
710 2701 831 2768 paratibus
847 2699 942 2766 impar:

335 2775 415 2842 Quale
431 2788 515 2827 tamen
524 2793 631 2842 cumque
642 2775 695 2833 est,
714 2785 741 2823 ur
756 2785 840 2823 tueare
852 2806 864 2832 ,.
877 2790 949 2841 rogo.

295 2848 314 2898 F
315 2848 373 2900 irma
384 2852 466 2901 valent
477 2867 520 2919 per
532 2850 570 2907 se,
582 2849 721 2913 nullumque
731 2844 869 2896 Machaona
879 2857 1014 2913 quaerunt:

292 2916 294 2923 ⁴
331 2918 371 2973 A'd
385 2924 501 2975 medicam
518 2922 606 2973 dubius
619 2919 728 2987 confugit
745 2934 810 2985 ager
827 2935 909 2985 opem.

296 2995 354 3047 Non
370 3014 430 3063 opus
447 2996 480 3047 est
496 2994 586 3061 magnis
603 2993 698 3059 placido
715 2992 806 3043 lesione
823 2991 921 3056 poitisz

254 3066 302 3119 ια’
335 3068 478 3136 Quamlibet
488 3066 591 3121 invitum
608 3063 776 3135 difficilemque
792 3076 892 3118 renent,
