2367 3942
255 414 541 486 Tarsrrvtr
566 412 676 481 Lra.
701 414 789 482 ΙΙΙ.
819 435 894 507 209
983 491 991 502 Ἃ

184 540 240 588 Nun
255 537 370 604 equidem
386 545 463 585 totam
476 532 568 600 poffum
585 531 717 584 defendere
733 536 849 600 culpamt

220 612 268 660 Sed
285 623 382 676 partem
396 605 469 656 nostri
483 604 587 656 criminis
603 621 672 658 error
688 608 770 659 habet.

185 685 244 751 Spes
260 684 338 751 igitur
351 679 474 747 superest,
490 679 606 729 facturum
622 691 649 728 ut
664 681 757 731 molliat
773 679 823 748 ipse

220 756 314 806 Mutati
330 770 427 821 pteram
443 751 583 802 conditione
601 751 659 802 ioci.

186 829 258 880 Hunc
274 829 367 878 utinam
382 825 531 876 nutritoris
546 823 698 890 praenuncius
715 838 795 878 ortum
907 841 937 891 55
976 838 979 842 ·

210 900 317 953 *afferat
332 897 430 950 admiffo
444 897 542 948 Lucifer
554 897 623 947 albus
640 913 714 966 equo.

241 986 890 1062 tgssffl

388 1105 642 1211 ELEGtA
682 1108 757 1172 VL
821 1103 827 1124 ²

185 1204 342 1318 Fenus
357 1265 466 1320 amicitie
482 1284 529 1318 nec
544 1267 602 1327 vis,
621 1265 764 1326 carissime,
781 1265 886 1326 nostrae,

222 1340 278 1388 Nec
288 1370 296 1396 ,
305 1337 334 1387 -si
349 1340 414 1390 forte
428 1341 512 1399 velis,
529 1341 678 1392 dissimulare
694 1354 776 1407 potes.

123 1452 126 1456 .
186 1411 275 1462 Donec
290 1411 354 1460 enim
369 1412 454 1472 licuit,
472 1429 518 1463 nec
532 1426 558 1463 te
572 1415 631 1463 mihi
646 1413 725 1464 carior
741 1415 822 1474 alter,

221 1484 277 1534 Nec
290 1484 336 1533 tibi
352 1501 391 1534 me
406 1485 460 1535 toti
473 1484 579 1550 jundior
593 1485 663 1536 Urbe
676 1486 734 1534 fuit.

185 1557 257 1622 Isque
274 1567 327 1606 erat
341 1574 418 1624 usque
434 1557 497 1608 adei>
510 1558 604 1624 populo
618 1555 738 1618 testatus,
755 1569 783 1607 ut
799 1554 857 1608 effer
909 1569 921 1618 5

222 1628 295 1680 Paene
304 1632 380 1698 magis
390 1634 462 1698 quim
472 1642 500 1680 tu
511 1663 519 1688 ,
532 1629 651 1698 quimque
662 1646 710 1698 ego
721 1665 729 1690 ,
745 1642 817 1680 notus
828 1645 905 1681 amor·

186 1700 354 1768 Quimre'erat
370 1704 396 1752 iu
410 1703 473 1753 caris
487 1701 560 1753 animi
575 1703 617 1753 tibi
633 1705 723 1754 candor
738 1703 841 1762 amicis,

140 1821 143 1828 .
222 1774 345 1843 Cognitus
361 1776 395 1826 est
411 1775 467 1836 illi,
484 1793 555 1843 quem
572 1777 632 1829 colis
648 1777 719 1843 ipse,
737 1777 801 1828 viro.

183 1849 225 1898 Nil
240 1849 275 1901 ita
290 1851 404 1909 celabas,
423 1861 516 1901 utnon
531 1867 580 1918 ego
597 1850 706 1902 conscius
721 1850 815 1908 edema

220 1920 409 1988 Pestoribusque'
425 1922 498 1972 dabas
513 1925 590 1972 multa
605 1924 712 1988 tegenda
727 1923 797 1972 meis.
910 1934 942 1970 ιο

186 1993 280 2060 Cuique
297 2011 347 2060 ego
363 1995 488 2042 narrabam
503 1993 592 2042 secreti
607 1995 719 2060 quicquid
732 1994 868 2052 habebam,

176 2105 180 2113 .
221 2067 336 2131 Excepto
352 2065 418 2130 quod
432 2081 471 2114 me
485 2064 610 2130 perdidit,
630 2080 691 2114 unus
707 2081 768 2116 eras.
797 2075 801 2082 '

184 2137 212 2187 ld
227 2154 329 2206 quoque
344 2137 367 2187 si
380 2135 477 2196 sciffes,
497 2137 563 2188 salvo
578 2136 688 2188 fruerere
704 2136 797 2196 sodali;

220 2210 382 2276 Consiiioque
397 2211 475 2261 forem
489 2210 588 2277 sospes,
605 2210 702 2269 amice,
720 2223 776 2262 tuo.

169 2283 232 2334 ·Sed
245 2302 301 2335 mea
316 2300 361 2334 me-
372 2283 399 2332 in
413 2299 508 2348 poenam
524 2285 636 2334 nimirum
650 2284 698 2334 iata
714 2283 859 2336 trahebatur
906 2297 937 2346 15

221 2357 304 2408 Omne
320 2359 393 2406 bone
411 2356 526 2406 claudunt
541 2355 654 2407 utilitatis
669 2357 724 2408 iter,

180 2431 241 2479 Sive
257 2431 345 2480 maium
360 2430 431 2495 potui
447 2441 528 2480 tamen
541 2431 591 2480 hoc
606 2430 684 2480 vitate
700 2430 830 2488 cavendos

221 2503 270 2553 Seu
285 2504 349 2552 tatio
365 2503 440 2552 fatum
456 2504 555 2553 vincere
570 2505 637 2553 nulla
651 2505 740 2561 valeta

186 2573 225 2623 Tu
241 2586 340 2633 tamen,
360 2591 376 2625 ο
393 2574 399 2624 !
416 2577 484 2628 nobis
501 2577 545 2626 usu
558 2575 703 2638 iuniiissime
720 2578 814 2644 longo,

220 2645 279 2696 Pars
294 2648 408 2698 desiderii
423 2650 524 2699 maxima
538 2665 608 2714 paeue
624 2649 690 2708 mei,
903 2659 937 2694 20

183 2719 220 2770 Sis
234 2735 328 2770 memor
338 2737 347 2771 t
359 2721 404 2779 dt,
422 2722 443 2770 si
459 2737 517 2787 quas
532 2721 593 2771 fecit
608 2721 654 2770 tibi
667 2722 744 2788 gratia
757 2721 839 2778 vires,

219 2793 276 2842 lilas
292 2808 338 2857 pro
354 2793 423 2843 nobis
439 2793 586 2859 experiare,
604 2811 675 2860 rogo.

182 2865 294 2915 Numinis
310 2876 338 2914 ut
352 2866 402 2915 laesi
419 2864 461 2915 fiat
477 2866 623 2932 maniuetior
640 2868 696 2923 ira;

217 2937 387 3004 Mutatoque,
403 2938 481 2988 minor
494 2939 526 2988 sit
541 2955 596 2988 mea
611 2953 703 3004 poeraa,
721 2937 791 2986 loce.

181 3011 302 3075 idqueita
314 3043 322 3068 ,
337 3010 358 3060 si
367 3012 457 3060 nullum
468 3012 546 3061 scelus
556 3011 590 3060 est
600 3011 625 3061 in
635 3009 733 3075 pedore
744 3006 846 3064 nostro,
901 3017 934 3063 ας

216 3082 411 3151 Principiumq'ue
426 3084 475 3134 mei
491 3083 594 3136 criminis
611 3097 680 3132 error
695 3083 779 3131 hahet.
