2367 3942
308 396 379 470 168
419 395 462 468 P.
486 397 680 469 Orruit
707 399 936 473 Nasonis

301 518 373 569 Uxor
388 519 413 567 in
427 531 544 569 aeternurn
557 518 616 569 vivo
631 518 688 569 mihi
702 518 758 569 viva
773 533 876 587 negatur
890 522 897 572 s

339 592 371 641 Et
389 592 495 650 domus,
515 591 542 642 δι
556 590 611 643 fidae
629 592 709 641 dulcia
727 596 833 644 membra
849 595 956 647 domslsl

260 667 291 729 65
306 664 426 731 Quosque
439 681 488 732 ego
504 664 612 715 fraterno
630 664 704 715 dilexi
722 682 808 725 more,
827 667 939 729 sodales,

340 738 365 787 0
379 736 386 786 l
400 738 458 787 milri
473 737 568 788 Thesei
583 736 681 803 penora
696 736 775 803 junsla
791 738 858 789 fide!

302 810 370 860 Dum
388 812 466 869 iicet,
485 810 613 875 amplesiar
625 826 633 861 t
646 827 773 875 numquam
787 812 883 863 sortasse
899 814 983 865 licebit

339 883 466 949 Ampliust
480 882 505 933 in
518 885 607 942 lucro,
626 900 679 949 quae
697 884 766 933 datur
783 884 861 945 bora,
876 888 933 937 mibi
951 888 994 939 en.

301 957 356 1007 Nec
374 972 442 1007 mora
454 956 590 1007 :sermonis
606 956 680 1007 verba
693 956 833 1023 impersesia
851 960 984 1026 relinquo,

258 1046 294 1099 70
344 1028 516 1095 complessem
531 1029 612 1079 animo
630 1030 738 1094 proxima
755 1046 857 1097 quaeque
873 1050 944 1083 meos

302 1103 370 1153 Dum
385 1104 493 1169 loquor,
511 1103 537 1155 dt
552 1102 659 1161 demun
677 1104 737 1151 caelo
751 1103 903 1155 nitidissimus
921 1108 993 1167 alto,

338 1176 414 1225 Stella
430 1176 508 1242 gravis
523 1175 613 1233 nobis,
633 1174 732 1227 Lucifer
748 1188 816 1226 ortus
834 1189 895 1229 erat.

274 1248 456 1308 Dividorbaud
466 1248 556 1307 aliter,
569 1251 639 1314 quim
650 1248 670 1299 si
680 1264 733 1299 mea
743 1251 849 1299 membra
858 1250 993 1319 relinquam
1002 1270 1016 1313 3

339 1322 370 1371 Et
387 1338 443 1387 pecs
459 1322 567 1387 abrumpi
585 1337 690 1388 corpore
707 1320 756 1371 visa
772 1322 814 1372 suo
831 1321 873 1371 est.

257 1413 290 1463 75
302 1394 342 1445 Sic
354 1394 461 1447 Priamus
471 1395 549 1445 doluit
560 1427 570 1454 ,
582 1406 641 1445 tunc
653 1392 706 1445 ciirn
717 1428 726 1453 ,
737 1395 762 1444 in
774 1395 893 1445 contraria
905 1397 990 1449 versus
1003 1430 1012 1457 ,

337 1467 440 1519 Ultores
455 1467 539 1519 babuit
554 1468 697 1535 proditionis
715 1484 802 1535 equos.

300 1541 365 1590 Turn
381 1539 442 1592 verb
452 1541 568 1602 ,exoritur
583 1543 676 1593 clamor
689 1541 840 1609 gemitusque
853 1558 986 1603 meorum3

339 1614 370 1663 Et
385 1615 476 1668 feriunt
490 1614 574 1665 rnaestae
586 1614 684 1681 pesiora
700 1614 763 1665 nuda
778 1632 871 1665 manus.

299 1685 364 1735 Tum
379 1685 441 1737 verb
456 1686 567 1751 conjux,
584 1687 689 1738 humeris
705 1688 816 1738 abeuntis
832 1688 971 1749 inbaerens,

256 1761 290 1811 80
337 1757 436 1808 Miscuit
451 1758 504 1807 boec
516 1757 629 1824 lacrymis
646 1758 717 1809 tristia
735 1758 796 1809 diua
813 1758 868 1809 suis.

299 1832 356 1880 Non
367 1843 438 1898 potes
448 1831 521 1881 avelli
532 1846 540 1881 t
551 1830 639 1889 simul,
656 1831 686 1879 ah
699 1829 705 1879 !
718 1830 788 1881 simul
799 1831 900 1890 ibimus,
918 1833 1012 1900 inquit.

334 1904 373 1953 Te
390 1903 495 1971 sequar:
510 1903 537 1955 ἃ
553 1901 644 1970 conjux
655 1902 742 1953 exsulis
760 1902 826 1954 exsul
842 1921 895 1955 ero.

299 1977 333 2031 Et
346 1976 407 2027 arsisti
421 1977 481 2029 §aaa
492 1976 531 2028 via
546 1976 599 2029 est:
613 1977 639 2029 &
655 1993 693 2029 me
710 1976 774 2043 capit
790 1976 872 2027 ultima
884 1979 971 2037 tellus.

335 2050 456 2101 Accedam
471 2051 581 2121 prosugae
598 2050 687 2102 sarcina
702 2068 775 2117 parva
787 2049 843 2100 rati.

213 2147 215 2150 ·
255 2127 285 2188 85
299 2123 339 2173 Te
355 2125 425 2189 jubet
438 2141 454 2175 e
469 2126 546 2191 patria
561 2124 686 2175 discedere
703 2123 804 2173 Caesaris
821 2122 877 2181 ira,

335 2198 379 2246 Me
394 2196 470 2264 pietas
483 2214 492 2249 ε
505 2200 583 2264 pietas
598 2198 650 2246 hec
668 2194 818 2247 mihicaesar
833 2197 891 2248 erit.

298 2271 369 2321 Talis
384 2272 494 2321 tentabat
505 2287 512 2321 t
523 2270 558 2321 sic
575 2269 602 2320 dc
620 2280 757 2319 tentaverat
772 2280 850 2327 ante3

332 2344 432 2409 Vixque
448 2343 515 2393 dedit
531 2341 605 2403 visits
619 2342 723 2393 utilitate
738 2358 830 2393 manus.

297 2415 435 2484 Egredior,
454 2416 506 2465 sive
521 2414 579 2463 illud
597 2424 652 2463 erat
666 2414 719 2465 siue
734 2414 820 2467 sunere
835 2414 911 2474 ferri,

252 2504 287 2555 90
334 2489 460 2554 Squalidus
475 2487 585 2537 immissis
598 2486 660 2537 hirta
675 2504 718 2553 per
734 2503 777 2539 ora
793 2487 877 2538 comis.

296 2562 339 2611 llla
355 2561 442 2611 dolore
459 2561 556 2627 gravis,
573 2560 681 2611 tenebris
697 2574 807 2613 narratur
823 2560 932 2611 obortis.

332 2634 482 2684 Semianimis
499 2633 577 2685 medii
590 2634 743 2700 procubuisse
762 2635 843 2685 domo.

294 2708 379 2775 thue
395 2708 542 2765 resurrexit,
562 2707 659 2758 soedatis
676 2709 777 2773 pulvere
794 2704 858 2773 turpi

331 2780 462 2838 Crinibus,
484 2780 510 2831 δι
525 2780 605 2848 gelidi
622 2782 726 2831 membra
743 2781 833 2831 levavit
847 2780 941 2839 immo,

250 2870 283 2922 95
296 2855 329 2909 Se
343 2852 436 2915 modis,
453 2853 561 2905 desertos
577 2854 650 2903 modd
666 2852 821 2917 complorasse
839 2852 941 2903 Penates
953 2870 964 2911 ς

330 2930 427 2978 Nomen
442 2926 561 2992 &erepti
578 2927 640 2993 saepe
655 2924 749 2976 vocasse
764 2926 830 2984 viri3

292 3002 346 3052 Nec
362 3000 473 3068 gemuisse
491 3001 587 3058 minus,
607 3002 676 3066 quim
691 3000 712 3048 si
727 3012 821 3049 nataeve
838 3016 949 3049 meumve

329 3073 431 3129 Vidisset
445 3072 543 3126 strudos
559 3086 648 3139 corpus
664 3072 753 3124 habere
769 3088 863 3140 rugosa

927 3135 1075 3192 'Er‘
