2367 3942
215 453 384 519 ferse.
409 458 470 515 rx
499 451 638 541 Ppuro
665 448 703 515 L.
731 449 762 519 I.
799 449 869 519 281

168 581 899 654 oe—-zssfflfflw-:ss
972 593 976 601 '

334 700 682 805 EPISTQLA
723 703 765 766 Ἄ

400 845 694 908 ΜΑΧΙΜΟ.

163 936 275 1051 que
292 1012 351 1051 tuos
367 1001 487 1066 quondam
504 1017 553 1051 nun
568 1003 665 1052 ultimus
680 1001 744 1052 inter
760 1001 871 1060 amicos,

183 1073 294 1136 zUmsua
311 1073 387 1123 verba
403 1075 488 1141 legas,
504 1074 632 1134 Maxime,
650 1071 713 1126 Naso
730 1087 808 1142 roger.

160 1145 190 1195 ln
205 1147 295 1212 quibus
313 1146 436 1212 ingenium
452 1147 539 1198 deside
553 1148 678 1214 requirere
694 1147 817 1205 nostrum,

197 1219 303 1270 Nescius
318 1220 398 1268 exsilii
412 1236 445 1268 ne
460 1220 559 1270 videare
574 1222 631 1272 mei.
674 1227 678 1235 “

162 1290 272 1347 Cernis,
291 1302 320 1340 ut
336 1291 448 1359 ignavum
463 1306 617 1358 corrumpant
634 1294 684 1344 otia
700 1308 809 1358 corpus:
886 1306 896 1352 ς

196 1364 234 1414 Ut
251 1363 351 1428 capiant
364 1364 448 1414 uitium
457 1398 465 1423 ,
484 1364 509 1416 ni
526 1378 690 1424 moveantur,
707 1383 785 1432 aque.

160 1435 302 1487 utuinisi
317 1437 370 1502 quis
385 1449 438 1488 erat
454 1438 557 1489 ducendi
574 1439 683 1490 carminis
699 1439 773 1497 usus,

197 1507 316 1566 Deficit3
332 1509 414 1576 estque
429 1511 508 1562 minor
524 1511 601 1562 ladius
614 1513 691 1561 inerte
709 1511 767 1560 situ.

161 1581 915 1651 Haecquoque,quaelegitis,siqu0deuhumaxine,credis„

198 1654 332 1704 Scribimus
347 1655 442 1713 inviti,
458 1657 547 1724 vixque
563 1657 665 1715 coada,
683 1673 763 1706 manu.
884 1669 916 1704 ιο

162 1728 221 1778 Non
235 1726 298 1776 libet
312 1727 336 1777 in
350 1730 413 1778 tales
427 1729 531 1781 animum
545 1731 695 1782 contendere
711 1746 802 1787 curaer

198 1801 256 1850 Nec
272 1799 341 1850 venit
355 1799 386 1849 ad
402 1801 475 1852 duros
491 1803 562 1853 Musa
576 1817 663 1854 vocatu
681 1803 768 1856 Getas.

162 1871 200 1922 Ut
215 1884 300 1921 tamen
313 1872 362 1938 ipse
376 1873 463 1933 vides,
481 1876 558 1925 lullor
574 1877 696 1928 deducere
714 1877 817 1928 versum.

200 1944 251 1994 Sed
268 1942 359 1994 nonsit
373 1946 425 1996 fato
440 1949 539 1999 mollior
553 1949 594 1998 ille
611 1965 676 1998 roeo.
789 1993 794 2006 ‚

163 2015 228 2068 Cum
240 2018 345 2084 relego,
362 2018 476 2084 scripsisse
486 2022 562 2086 pudet
574 2037 580 2071 ι
594 2022 649 2086 quia
661 2019 759 2085 plurima
771 2033 844 2068 cerno
856 2049 863 2074 ,
887 2030 916 2077 r5

199 2090 247 2140 Me
263 2106 377 2156 queque,
396 2092 437 2157 qui
452 2094 519 2150 feci,
538 2091 620 2156 judice
631 2093 727 2158 „digna
743 2091 793 2140 lini.

161 2163 219 2214 Nec
229 2175 312 2214 tamen
323 2165 426 2214 emendo
438 2182 446 2215 r
457 2167 526 2216 labor
536 2165 592 2224 hic,
608 2169 676 2231 quim
688 2165 810 2221 scribere,
824 2159 918 2226 major,

201 2233 326 2300 Mensque
343 2237 392 2302 pati
405 2237 489 2288 durum
506 2238 601 2289 sustinet
618 2256 679 2305 aegra
697 2237 766 2288 nibil.

163 2308 265 2358 Scilicet
282 2309 394 2374 incipiam
411 2310 466 2360 line
481 2310 615 2362 mordacii'u
632 2309 692 2362 uti?

111 2399 117 2408 ·
201 2381 235 2432 Et
250 2381 294 2430 sub
309 2379 425 2446 judicium
441 2383 535 2452 singula
552 2387 625 2434 rerba
641 2381 750 2434 vocem?
885 2393 919 2433 20

163 2455 280 2519 Torquet
291 2455 354 2505 enim
366 2457 472 2506 Fortuna
481 2474 585 2524 parum,
597 2458 642 2508 nisi
652 2459 721 2508 Nilus
733 2456 757 2506 in
767 2453 876 2504 Hebrum
888 2461 891 2468 ’

203 2526 337 2585 Confluat,
354 2528 380 2579 δι
396 2529 496 2580 frondes
509 2531 611 2596 Alpibus
626 2531 698 2580 addat
713 2531 800 2580 Athos.

165 2598 316 2656 Parcendum
331 2599 365 2650 est
379 2602 460 2652 animo
473 2604 605 2654 miserabile
619 2605 708 2654 vulnus
723 2600 840 2652 habenti:

201 2672 344 2729 subducant
358 2675 426 2724 oneri
443 2677 506 2726 colla
522 2675 615 2742 perusta
631 2677 717 2726 boves.

164 2745 219 2802 At,
230 2757 291 2810 puto
301 2778 310 2803 ,
320 2746 410 2798 stulius
421 2748 484 2798 adest
494 2781 502 2807 ,
512 2747 637 2813 justissima
649 2750 715 2800 causa
727 2750 835 2798 laborum
847 2759 856 2793 s
884 2755 916 2803 25

202 2817 234 2867 Et
249 2819 300 2868 lata
311 2835 366 2868 cum
381 2821 459 2872 multo
473 2822 558 2872 fenore
575 2821 654 2874 reddit
669 2839 737 2888 ager.

165 2890 275 2956 Tempus
285 2891 315 2945 ad
325 2892 372 2942 hoc
383 2925 390 2952 ‚
405 2895 493 2953 nobis,
511 2908 607 2960 repetas
618 2895 676 2946 licet
686 2892 765 2944 omnia
776 2922 784 2946 ,
802 2890 893 2938 nullum

201 2961 318 3020 Profuit,
335 2962 429 3030 (atque
444 2967 533 3018 utinam
549 2983 598 3018 non
614 2965 731 3016 nocuill'et
746 2963 775 3028 l)
790 2977 860 3028 opus.

167 3035 218 3091 Cur
234 3036 308 3102 igitur
324 3036 423 3088 scribam
435 3035 445 3087 ἓ
456 3040 553 3090 miraris
566 3056 573 3088 ε
586 3040 660 3088 miror
677 3038 702 3088 &
721 3036 769 3101 ipse
783 3049 791 3086 ε

200 3107 233 3159 Et
249 3125 345 3160 mecum
362 3127 444 3178 quero
462 3112 541 3179 sepe,
560 3112 617 3178 quid
633 3111 689 3161 inde
706 3110 791 3160 ierem.
883 3115 917 3168 30
