2367 3942
218 422 365 491 Eezsr.
391 418 453 483 ει(
472 414 616 485 Pouro
642 415 682 485 L.
708 416 777 484 ΙΙΙ.
806 438 882 513 337

175 540 226 593 Cur
243 537 335 604 aliquid
355 534 440 583 deme
457 534 549 600 speravi
565 534 645 584 lenius
660 533 794 601 umquam?

209 614 250 663 An
267 612 375 662 Fortuna
389 608 446 657 mihi
459 609 496 657 sic
510 624 564 657 mea
579 619 640 657 nota
654 606 724 655 fuit?

173 688 305 751 Torqueor
322 697 354 731 en
370 680 485 748 gravium
503 680 656 746 repetitaque
672 680 750 729 iorum
766 682 878 734 locorum

211 757 329 817 Exsilium
344 764 446 804 renovat
458 753 542 811 triste,
559 768 694 819 recensque
708 753 775 803 iacit.

174 832 214 886 Est
228 844 311 882 tamen
327 826 428 884 utilius,
446 826 545 877 studium
560 824 653 875 cenasse
669 842 795 885 meorum,
895 842 928 896 35

212 905 313 970 Quam,
330 914 389 965 quas
407 898 544 957 adrndrint,
551 914 615 947 non
631 896 727 948 valuisse
744 916 839 965 preces.

175 978 267 1045 Magna
283 973 379 1042 quidem
393 986 434 1021 res
450 972 502 1030 est,
519 988 587 1037 quem
604 988 654 1021 non
670 973 784 1032 audetis,
800 975 893 1027 amici:

212 1049 296 1101 sed'
277 1064 298 1099 st
316 1046 368 1113 quis
383 1056 497 1111 peteret,
516 1044 556 1110 qui
571 1045 628 1093 dare
643 1046 739 1103 vellet,
754 1059 816 1097 eret.

176 1120 317 1177 Dummodo
334 1134 383 1167 non
399 1116 469 1168 vobis
485 1118 532 1167 hoc
547 1116 672 1168 Caesaris'
661 1135 704 1183 rra
716 1118 832 1187 negirit‚

213 1194 320 1249 Fortiter
335 1188 457 1242 Euxinis
450 1190 612 1241 unmoriemur
627 1191 704 1256 aquis.

239 1298 883 1373 oe=m==dst====w

299 1406 642 1485 EPISTOLA
682 1419 829 1485 VIII.

422 1541 714 1604 MAXIMO

181 1631 302 1792 Qun
316 1698 379 1757 tibi,
393 1699 548 1768 querebam,
562 1714 695 1750 memorem
706 1700 816 1753 testantu
829 1719 931 1765 euram,
1012 1731 1015 1737 ⁴

253 1774 327 1825 Dona
341 1774 483 1825 Tomitanus
498 1772 595 1823 mittere
610 1771 688 1839 poffet
703 1792 770 1843 ager.

180 1847 277 1917 Dignus
292 1864 319 1898 es
330 1861 455 1917 argento,
472 1847 539 1896 fulvo
553 1863 651 1913 quoque
666 1848 760 1916 dignior
774 1866 854 1903 auro:

216 1921 266 1971 Sed
280 1932 324 1977 te,
343 1920 397 1971 cuim
412 1920 507 1975 donas,
524 1918 586 1969 ide
580 1936 665 1983 juvare
680 1921 769 1972 solent.

180 1995 235 2045 Nec
248 2006 329 2045 temen
345 1995 395 2045 hec
409 1994 465 2043 ioca
480 1991 532 2041 sunt
547 1991 599 2039 ullo
615 1991 720 2057 pretiosa
734 1995 852 2047 metallo:
897 2010 913 2063 5

219 2065 298 2117 Hostis
314 2067 343 2117 ab
359 2067 467 2135 agricola
481 2065 523 2115 vix
537 2064 594 2115 sinit
609 2064 650 2113 illa
666 2065 729 2115 fodi.

181 2137 289 2205 Puopura
304 2139 366 2207 saepe
380 2151 437 2191 tuos
450 2139 545 2205 fuigens
558 2137 670 2201 praetexit
682 2138 801 2200 amistuu

218 2212 268 2263 Sed
283 2228 333 2263 non
349 2212 479 2264 SarmatIci
496 2211 595 2278 tingitur
609 2211 651 2259 iila
666 2227 747 2263 manu.

181 2285 284 2341 Vellera
299 2285 359 2335 dura
372 2286 453 2337 ferunt
468 2284 595 2350 pecudes,
613 2284 640 2334 δι
652 2282 756 2335 Palladis
771 2284 808 2336 uti

219 2358 281 2409 Arte
298 2357 432 2409 Tomitana
449 2374 499 2407 non
514 2356 621 2407 didicere
637 2373 719 2407 nurus.
901 2374 934 2415 ro

181 2431 282 2483 Femina
297 2446 342 2496 pro
358 2432 412 2483 lana
428 2428 539 2481 Cerellio
553 2446 654 2481 munera
667 2430 774 2499 frangit,

220 2504 402 2570 suppositoque
418 2520 516 2571 gravem
530 2503 625 2555 vertice
642 2512 724 2570 portat
739 2515 850 2571 aquarn..

184 2577 243 2629 Non
257 2576 296 2626 hie
313 2578 444 2644 pampineis
460 2575 570 2627 amicitur
585 2576 674 2628 vitibus
689 2578 790 2629 ulmus:

221 2648 246 2698 N
249 2649 295 2697 ulle
310 2662 420 2715 premunt
435 2666 514 2701 ramos
528 2647 638 2716 pondere
652 2666 725 2714 poma
739 2650 792 2701 suo.

183 2719 273 2775 Tristia
288 2720 408 2774 deformes
423 2724 517 2789 pariunt
532 2720 649 2772 absinthia
665 2723 763 2789 campi,
880 2767 883 2773 ,
903 2739 933 2790 15

221 2795 348 2862 Terraque
364 2798 394 2847 de
410 2796 504 2853 modin,
523 2797 593 2860 quim
609 2795 753 2853 sitarum,
770 2795 854 2845 docet.

183 2868 228 2921 Nil
243 2868 318 2935 igitur
333 2871 387 2920 toti
401 2868 473 2919 Ponti
488 2870 588 2935 regione
606 2865 709 2924 sinistri,

222 2940 298 3005 Quod
314 2958 368 2991 mea
382 2942 493 2995 seduIitas
507 2942 603 2989 mittete
620 2937 716 3003 podet,
732 2949 793 2988 erat.

183 3014 273 3065 Clausa
289 3027 372 3069 tamen
386 3015 438 3065 misi
454 3013 570 3080 Scythici
585 3010 628 3061 tibi
641 3013 690 3060 tela
703 3011 835 3076 pharetri:

220 3086 297 3139 Hosse
314 3104 401 3153 precor
417 3086 475 3139 fiant
489 3087 530 3139 illa
544 3096 644 3135 cruenta
660 3095 729 3137 tuo·
901 3098 937 3135 ιο

249 3160 334 3212 Tomua
352 3158 370 3212 I
376 3160 389 3211 1
397 3158 422 3217 Ι.
829 3151 848 3205 Ρ
