2367 3942
326 402 376 475 42
418 380 460 449 P.
489 381 682 452 Ονιυιι
708 380 940 454 Nasonrs

326 505 370 555 lua
383 504 443 553 sama
454 503 530 553 refert
541 503 629 553 Fabios
641 500 713 552 exili'e
723 514 859 553 trecentos.

363 576 435 627 Porta
447 590 517 626 vacat
528 576 599 643 culpi
610 610 618 634 ‚
636 576 678 625 sed
687 589 769 627 tamen
779 592 850 625 omen
864 576 947 630 habet.

265 660 314 712 205
327 650 363 701 Ut
375 650 451 700 celeri
463 648 526 715 passu
541 650 682 700 Cremeram
692 650 797 715 tetigere
808 666 919 715 rapacem
929 668 939 711 3

365 721 376 787 (
386 724 509 773 Turbidus
519 724 625 774 bibernis
636 724 677 771 ille
687 723 778 771 fluebat
788 724 856 787 aquis
868 740 877 780 3
887 725 898 790 )

329 795 411 847 Caslra
423 798 479 846 loco
492 810 584 863 ponunt
596 814 603 847 a
616 796 730 845 desiridlis
741 797 856 853 ensibus,
870 796 916 860 ipsi

364 870 519 937 Tyrrhenum
530 872 611 921 valido
622 870 704 921 Marte
715 886 760 935 per
771 886 857 936 agmen
870 882 942 921 eunt:

325 944 484 1002 Non'aliter,
503 948 572 1010 quarn
583 942 637 993 etim
649 944 740 1010 Libyci
750 942 781 991 de
792 958 853 1008 rupe
865 943 948 994 leones
985 988 987 991 ,
1015 943 1019 953 “

265 1028 316 1063 210
362 1016 482 1067 Invadunt
496 1017 585 1085 sparsos
597 1019 646 1066 lata
655 1034 700 1082 per
711 1032 767 1065 arva
779 1032 875 1081 greges.

324 1088 461 1157 Diffugiunt
471 1090 550 1141 holies
562 1124 570 1149 ,
589 1088 760 1155 inhonestaque
771 1089 871 1139 vulnera
881 1102 953 1157 tergo
981 1100 986 1107 '

362 1164 494 1229 Accipiunt
506 1180 513 1213 t
525 1162 624 1212 Thusco
635 1162 747 1230 sanguine
757 1173 823 1213 tetta
833 1164 913 1212 rubet.

324 1236 364 1285 Sic
376 1238 481 1296 iterum,
499 1237 533 1287 sic
545 1237 607 1303 saepe
618 1235 716 1287 cadunt.
730 1235 779 1284 Ubi
791 1236 890 1285 vincere
902 1235 985 1302 aperti

361 1310 420 1360 Non
433 1311 502 1360 datur
513 1344 521 1369 ,
540 1310 639 1359 insidias
650 1325 764 1375 armaque
775 1324 840 1357 caeca
851 1322 945 1373 patant.

264 1393 313 1443 215
329 1382 433 1449 Campus
444 1396 497 1433 erat
508 1400 516 1434 r
529 1383 606 1449 campi
616 1382 760 1433 claudebant
770 1382 853 1431 ultima
864 1384 941 1433 colles
954 1417 962 1443 ,

301 1479 304 1487 ¹
362 1457 474 1524 Silvaque
485 1470 610 1508 montanas
624 1458 740 1507 occulere
751 1467 806 1521 apta
816 1454 889 1505 seras.

325 1530 353 1579 ln
364 1533 444 1581 medio
455 1548 546 1597 paucos
559 1566 566 1591 ,
584 1542 739 1596 armentaque
749 1546 802 1577 rara
815 1528 978 1603 ..relinquunt
989 1547 999 1590 3

363 1604 453 1653 Cetera
466 1605 577 1672 virgultis
589 1605 669 1653 abdita
684 1604 754 1653 turba
767 1603 837 1651 latet.

323 1676 389 1725 Ecce
401 1710 409 1733 ,
420 1679 491 1725 uelut
501 1688 598 1725 torrens
608 1674 678 1722 undis
687 1674 831 1739 pluvialibus
843 1675 925 1726 ansius
936 1710 945 1735 ‚

264 1765 316 1799 220
365 1749 415 1799 Aut
427 1750 502 1806 nive,
519 1762 572 1814 quae
584 1746 702 1813 Zephyro
712 1746 773 1795 vidia
784 1750 968 1812 repertantur,

326 1820 373 1871 Per
384 1822 432 1871 sata
442 1838 534 1887 perque
544 1820 595 1869 vias
607 1820 685 1868 fertur
695 1836 704 1877 3
720 1834 766 1869 nec
777 1852 785 1879 a
800 1834 829 1871 ut
840 1836 896 1873 ante
907 1823 1002 1873 solebat
1012 1816 1030 1882 ‚⁴

360 1895 473 1960 Riparum
488 1894 577 1943 clausas
588 1892 695 1960 margine
707 1892 760 1943 sinit
770 1904 847 1960 aquas
857 1912 866 1953 3

325 1969 364 2019 Sic
375 1968 441 2019 Fabii
452 1968 506 2017 latis
516 1968 605 2017 vallem
619 1967 763 2017 discursibus
773 1967 874 2034 implent
884 1984 894 2027 3

356 2040 482 2109 ¹Quosque
493 2041 592 2101 vident,
605 2041 719 2107 spernunt
730 2057 737 2092 a
747 2058 793 2091 nec
803 2054 883 2091 metus
894 2042 957 2091 alter
969 2041 1040 2091 inell.

264 2130 314 2177 225
328 2113 385 2178 Qud
397 2116 484 2173 ruitis,
499 2116 616 2182 generosa
628 2113 734 2165 domus?
749 2107 812 2163 mali
824 2114 931 2165 creditur
941 2115 1017 2167 noui.

362 2188 468 2253 Simplex
479 2190 592 2239 nobilitas
605 2221 613 2244 ‚
628 2186 719 2252 perlida
730 2188 779 2235 tela
791 2202 861 2234 cave.

324 2262 417 2313 Fraude
429 2261 492 2326 perit
501 2262 578 2311 virtus
591 2276 599 2310 a
612 2260 637 2308 in
650 2271 748 2325 apertos
757 2259 862 2322 undique
870 2266 978 2321 'campos
1035 2254 1039 2263 “

362 2334 493 2385 Prosiliunt
503 2334 583 2383 hostes
595 2367 602 2391 ,
618 2332 647 2381 .&
659 2335 722 2381 latus
736 2346 807 2380 omne
818 2340 914 2377 tenent.

327 2407 393 2473 Quid
405 2409 493 2457 saciant
504 2408 574 2472 pauci
589 2418 675 2455 contra
687 2417 727 2453 tot
737 2402 810 2453 millia
823 2398 926 2449 fortes?

264 2497 278 2531 2
282 2493 315 2545 30
365 2480 462 2543 Quidve
473 2513 480 2538 ,
496 2480 562 2543 quod
571 2480 596 2528 in
605 2479 692 2527 misero
702 2489 812 2540 tempore
822 2471 912 2531 restet,
925 2472 1047 2528 habent?

290 2582 294 2591 .
326 2554 394 2604 Sicut
409 2564 467 2618 aper
478 2552 545 2601 silvis
557 2549 629 2619 longi
642 2548 800 2601 Laurentibus
812 2544 877 2594 adius

362 2625 486 2675 Fulmineo
498 2626 591 2675 celeres
603 2624 701 2689 dissipat
714 2636 758 2670 ore
769 2634 840 2667 canes
852 2651 860 2676 ‚
913 2630 917 2635 ’

325 2698 388 2749 Mox
401 2710 481 2749 tamen
495 2699 543 2765 ipse
555 2699 619 2763 perit
632 2713 639 2747 t
652 2698 687 2747 sic
699 2710 748 2744 non
762 2692 896 2741 moriuntur
909 2692 1007 2755 inulti,

362 2772 519 2836 Vulneraque
534 2770 626 2820 alterni
642 2771 747 2833 dantque
758 2765 888 2833 feruntque
900 2783 990 2821 manu.

265 2858 314 2910 235
327 2845 382 2895 Una
395 2845 446 2894 dies
458 2845 544 2896 Fabios
557 2845 588 2893 ad
603 2844 692 2893 bellum
703 2839 800 2889 miserat
810 2856 893 2892 omnes
906 2858 915 2901 3

363 2916 401 2967 Ad
412 2920 500 2968 bellum
511 2917 589 2969 missos
601 2915 705 2982 perdidit
717 2931 764 2963 una
775 2914 836 2966 dies.

326 2992 363 3041 Ut
373 3002 453 3039 tamen
464 2992 594 3041 Herculeae
605 2988 750 3055 superessent
762 2989 849 3041 semina
862 2987 946 3058 gentis
959 3020 968 3047 ,
1043 2986 1047 2994 ’

364 3056 487 3113 Credibile
499 3063 531 3114 eil
542 3063 605 3130 ipsos
616 3064 761 3118 consuluille
768 3066 848 3117 Deos.
870 3084 875 3099 ³
