2367 3942
257 418 545 485 Tursrrunr
570 414 772 484 ΜΝ.
823 432 893 508 231

191 549 924 620 ossQnQ-ffl-aee

387 668 641 733 ELEGIA
682 668 760 733 IV.

190 760 255 883 Ο
271 830 278 879 !
295 843 383 890 er,
403 830 540 880 nominibus
557 839 611 878 cunr
627 826 659 878 sie
675 827 806 894 generosus
823 825 912 884 avitis,

221 902 358 968 Exsuperas
374 920 467 954 morum
481 902 608 952 nobilitate
626 917 722 968 genus:

188 974 266 1042 Cujus
283 975 345 1027 inest
358 978 438 1026 animo
452 976 523 1042 panii
539 975 650 1026 candoris
666 973 765 1042 imago,

220 1049 281 1099 Non
299 1061 380 1100 careat
394 1051 475 1099 nervis
490 1049 581 1097 candor
596 1060 623 1098 ut
638 1046 680 1096 isse
696 1047 751 1096 suis.

187 1120 264 1186 Cujus
280 1123 305 1171 in
320 1122 421 1188 ingenio
436 1122 524 1187 patrie
534 1121 646 1171 facundia
661 1120 749 1186 linguae
764 1118 818 1176 est,
881 1167 884 1172 ,
911 1128 923 1176 5

223 1192 282 1257 Qui
298 1195 366 1258 prior
378 1196 403 1244 in
418 1194 489 1244 Latio
504 1210 554 1242 non
569 1185 621 1244 fuit¹
632 1195 681 1242 ulla
694 1193 712 1241 F
715 1207 759 1242 oro
771 1207 778 1239 r

188 1267 265 1331 Quod
281 1266 378 1316 minime
390 1268 477 1325 volui,
494 1267 580 1332 positis
595 1282 640 1332 pro
655 1265 751 1314 nomine
769 1261 841 1329 siguis
852 1294 871 1319 ‚.

224 1337 311 1388 Diiius
328 1356 355 1388 es
370 1355 378 1388 r
393 1339 503 1406 ignoscas
518 1340 628 1390 laudibus
643 1338 683 1387 ista
698 1339 756 1387 tuin.

187 1412 229 1460 Nil
243 1428 292 1477 ego
308 1413 410 1476 peccavi
425 1428 433 1462 z
448 1421 530 1464 tuane
546 1414 611 1461 bona
626 1408 854 1478 cognira'produnt.

224 1483 272 1542 Si,
289 1485 356 1549 quod
369 1501 413 1542 es,
429 1499 550 1551 appares,
566 1485 637 1550 culpa
652 1484 730 1532 soluta
743 1498 797 1530 mea
812 1478 853 1528 eii.
913 1490 945 1524 10

189 1557 243 1605 Nec
256 1567 338 1605 tamen
354 1555 460 1607 officium
473 1556 555 1606 nostru
568 1556 611 1606 tibi
625 1556 730 1605 carmine
743 1553 849 1610 iustum,

224 1627 337 1694 Principe
352 1642 401 1679 tom
417 1628 500 1696 justo,
519 1627 585 1693 poffe
600 1641 690 1678 nocere
706 1640 772 1694 puta.

188 1700 242 1766 lpse
256 1700 329 1752 Pater
344 1702 449 1761 Patria,
468 1700 547 1769 (quid
560 1701 622 1752 enim
638 1701 732 1751 civilius
749 1700 791 1749 iiio
801 1697 834 1764 ?)

225 1773 331 1824 Sustinet
345 1776 371 1824 in
386 1775 467 1826 nostro
484 1776 589 1825 carmine
606 1775 669 1841 saepe
687 1772 744 1841 legi.

190 1847 243 1911 Nec
255 1848 386 1914 prohibere
400 1848 495 1914 potest,
514 1849 568 1914 quia
581 1865 621 1898 res
636 1848 669 1898 est
682 1848 777 1912 publicu
789 1843 868 1894 Cesar
880 1859 888 1900 ς
912 1855 942 1900 15

224 1920 255 1969 Et
272 1921 304 1969 de
321 1922 442 1970 communi
455 1937 509 1986 pars
524 1937 620 1986 quoque
637 1919 716 1970 nostre
730 1919 797 1968 benc
810 1916 853 1968 eii.

193 1991 306 2059 iuppiter
321 1992 424 2058 ingeniis
439 1994 531 2056 prebet
547 1994 588 2040 sua
606 1991 702 2040 numina
716 2003 819 2047 vetum5

224 2065 310 2130 Seque
328 2065 445 2113 celebrari
461 2064 570 2128 quolibet
585 2079 629 2112 ore
646 2063 711 2112 sinit.

193 2136 268 2188 Causa
285 2148 329 2185 tua
345 2137 458 2202 exemplo
471 2135 619 2202 Superoruru
634 2146 689 2183 tuta
706 2134 807 2184 duorum
821 2133 872 2183 est:

225 2209 341 2274 Quorum
359 2209 398 2259 hic
415 2208 581 2275 conspicitur,
598 2209 706 2260 creditur
721 2207 761 2257 ille
775 2207 853 2256 Deus.
911 2221 943 2256 20

193 2284 226 2333 Ut
241 2300 292 2333 non
307 2283 452 2341 debuerim,
472 2295 552 2332 tamen
567 2283 616 2330 hoc
630 2297 678 2348 ego
691 2281 782 2332 crimen
795 2281 899 2330 amabo:

227 2357 283 2405 Non
298 2355 347 2405 fuit
361 2355 450 2405 arbitrii
466 2355 536 2404 litera
551 2354 629 2405 nostra
643 2355 687 2404 tui.

192 2428 245 2477 Nec
254 2445 318 2480 nove
329 2462 338 2487 ,
356 2429 422 2496 quod
431 2440 514 2479 tecum
524 2430 611 2495 loquor
623 2461 630 2487 ,
648 2426 681 2477 est
691 2424 776 2493 injuria
786 2424 864 2477 nostra
875 2458 884 2483 ,

227 2500 357 2551 incolumis
374 2517 428 2551 cunr
443 2519 492 2569 quo
508 2501 569 2568 saepe
584 2502 681 2552 iocutus
697 2515 770 2550 erem.

195 2571 251 2636 Quo
264 2586 365 2624 vereare
379 2572 475 2635 mimis,
493 2591 525 2624 ne
539 2575 583 2625 sim
598 2575 642 2624 tibi
658 2573 747 2624 crimen
761 2571 870 2624 amicus:
910 2581 942 2629 25
1047 2569 1050 2572 '

227 2647 361 2706 invidiam,
379 2649 399 2697 si
415 2665 462 2715 qua
479 2645 532 2707 eii,
549 2648 632 2698 auiior
648 2648 739 2696 habere
754 2643 840 2712 potest.

193 2719 253 2768 Nam
267 2733 322 2770 tuus
338 2719 372 2770 est
387 2721 468 2787 primis
485 2721 562 2771 cultus
579 2721 636 2770 mihi
650 2721 742 2787 semper
754 2721 785 2768 ab
802 2713 889 2771 annisi

227 2792 283 2842 Hoc
300 2795 350 2843 noli
367 2795 435 2845 certe
453 2795 619 2852 dissimulare,
636 2797 726 2859 pateir

193 2865 363 2932 Ingeniumque
373 2884 470 2924 meum,
487 2880 558 2932 potes
569 2869 623 2916 haec
635 2861 784 2919 meminisse,
801 2859 920 2930 probabqt
932 2870 939 2902 ι

226 2937 282 2987 Plus
296 2940 382 2998 etiam,
398 2944 483 3006 quim,
498 2957 537 2988 me
552 2939 650 3004 judice,
667 2937 751 3001 dignus
766 2948 842 2982 eram.
912 2941 946 2991 30

193 3009 280 3076 Deque
294 3013 351 3062 meis
367 3013 409 3062 iilo
422 3014 546 3062 referebat
559 3009 668 3060 versibus
684 3023 746 3066 ore,

227 3084 255 3133 ln
271 3101 322 3151 quo
335 3102 391 3151 pars
407 3085 463 3136 aitae
480 3084 612 3135 nobilitatis
629 3095 690 3131 eruc.
