2367 3942
388 1029 929 1138 ‘ovmn
1018 988 1644 1114 NASONIS

565 1191 1505 1267 EPISTOLARUM

316 1355 1749 1527 EXPONTO

678 1569 1171 1638 LIBER
1267 1569 1418 1638 II.

577 1726 1356 1791 EPISTOLA
1456 1726 1506 1790 1.

439 1881 1125 1946 GERMANICO
1211 1883 1706 1947 CAESARI.·

321 2003 467 2119 H
488 2082 528 2117 υ
547 2082 579 2117 c
614 2086 807 2135 quoque
840 2070 1051 2121 Caesatei
1081 2071 1304 2136 pervenit
1337 2071 1459 2120 fama
1489 2069 1714 2136 triumphi
1737 2102 1759 2127 ‚

390 2140 641 2208 Languida
672 2141 767 2207 qu&
799 2143 916 2194 fessi
943 2147 1025 2195 vix
1053 2145 1191 2193 venit
1221 2161 1336 2193 aura
1367 2143 1506 2192 Noti.

315 2211 402 2263 Nil
434 2213 546 2264 fore
578 2213 716 2264 dulce
745 2217 860 2265 mihi
889 2216 1118 2284 Scythica
1151 2217 1354 2283 regione
1388 2215 1595 2280 putavit

391 2285 502 2336 Jam
530 2287 683 2337 minus
714 2289 790 2336 hic
826 2289 939 2340 odio
974 2289 1040 2339 est
1063 2321 1079 2347 ,
1112 2293 1255 2355 qussm
1288 2288 1381 2338 fuit
1414 2301 1527 2338 ante
1552 2321 1567 2345 ,
1598 2289 1754 2340 locus.

316 2356 547 2408 Tandem
580 2360 757 2426 aliquid
781 2393 795 2417 ,
828 2361 968 2427 pulsi
1000 2377 1220 2412 curatum
1249 2363 1377 2411 nube
1402 2394 1417 2418 ,
1450 2362 1666 2412 serenum
1766 2376 1790 2422 5

390 2431 514 2481 Vidi
537 2448 555 2489 3
593 2433 817 2482 Fortunae
846 2435 995 2485 verba
1024 2434 1230 2501 dedique
1260 2451 1398 2484 meae.

316 2503 464 2553 Nolit
493 2517 549 2554 ut
579 2506 675 2554 ulla
706 2506 819 2557 mihi
854 2508 1135 2574 contingere
1167 2508 1336 2575 gaudia
1369 2506 1528 2558 Caesar
1551 2539 1568 2566 ‚

393 2577 547 2629 Velle
574 2577 730 2641 potest
764 2580 913 2629 cuivis
948 2582 1052 2629 haec
1079 2592 1242 2630 tamen
1275 2598 1368 2630 una
1405 2581 1522 2631 dari.

315 2647 391 2699 Di
425 2665 621 2714 quoque
643 2683 660 2708 ,
700 2664 753 2703 ut
786 2670 812 2702 a
845 2652 1025 2701 cunflis
1056 2652 1195 2702 hilari
1227 2654 1426 2718 pietate'
1447 2655 1668 2707 colantur
1692 2678 1708 2711 ,-

394 2721 654 2772 Tristitiam
688 2725 803 2790 poni
830 2741 918 2791 per
950 2725 1028 2775 sua
1058 2724 1174 2774 festa
1203 2724 1392 2790 jubent.
1768 2728 1832 2791 155

318 2793 558 2860 Denique
582 2829 597 2852 ‚
642 2799 772 2862 quod
806 2810 965 2849 certus
995 2797 1130 2849 furor
1161 2799 1228 2849 est
1258 2800 1438 2850 audere
1468 2797 1651 2857 fateri,

398 2867 508 2916 Hac
542 2885 637 2936 ego
670 2869 836 2920 letitia
857 2905 872 2929 ,
910 2871 949 2920 si
983 2883 1123 2922 vetet
1153 2872 1252 2938 ipse
1275 2904 1290 2930 ,
1326 2873 1474 2922 fruar.

322 2938 352 2992 J
359 2941 553 3004 uppiter
584 2943 775 2994 utilibus
810 2943 1002 3009 quoties
1035 2943 1171 3008 juvat
1205 2944 1436 2994 imbribus
1467 2959 1610 3010 agros
1635 2974 1652 3003 ‚

398 3012 558 3065 Mixta
591 3026 736 3066 tenax
768 3016 918 3082 segeti
950 3017 1168 3068 crescere
1207 3018 1347 3082 lappa
1382 3016 1522 3066 solet.

321 3085 431 3139 Nos
466 3103 657 3152 quoque
690 3089 972 3155 frugiferum
1007 3091 1232 3140 sentimus
1266 3089 1442 3141 inutilis
1476 3090 1625 3139 herba
1767 3100 1826 3148 15

395 3159 588 3210 Numen
611 3177 628 3219 ;
670 3161 721 3212 ὅ(
748 3161 900 3214 invita
930 3162 1053 3230 saepe
1084 3161 1304 3230 juvamut
1339 3178 1450 3227 ope.

1526 3233 1570 3283 N
1602 3229 1655 3302 izj
