2367 3942
241 453 244 461 ·
330 442 406 535 384
441 444 483 511 P.
511 440 707 510 Orruit
734 443 965 511 busonis

323 562 373 614 Vel
388 561 419 609 de
434 560 553 627 praecipiti
569 561 652 610 venias
669 562 695 610 in
706 560 809 609 Tartara
822 560 896 617 saxo,

359 632 396 682 Ut
413 634 455 699 qui
471 634 623 683 Socraticum
638 634 669 683 de
685 650 748 683 nece
762 633 822 700 legit
835 648 907 698 opus.

260 721 312 772 495
324 705 361 755 Ut
377 707 418 773 qui
434 706 534 757 Thesea
551 706 645 756 fallacia
659 708 715 757 vela
732 706 818 755 carinae

360 779 432 829 Vidit
444 792 490 829 :ut
504 779 579 829 iliaca
593 778 673 829 missus
687 781 717 829 ab
732 794 789 828 arce
806 794 876 844 puer.

323 853 360 903 Ut
374 853 454 902 teneri
470 854 570 912 nutrix,
588 852 674 902 eadem
689 862 837 908 matertera,
856 852 947 901 bacchi
960 868 968 903 :

358 924 395 976 Ut
409 927 449 975 cui
465 925 533 975 causa
550 927 618 976 necis
634 926 697 975 serra
711 936 808 989 reperta
824 924 879 973 suit.

321 998 396 1066 Lydia
412 998 436 1047 se
451 998 554 1063 scopulis
567 1010 596 1047 ut
609 1000 680 1066 virgo
695 998 759 1046 misit
773 998 803 1046 ab
819 997 894 1055 altis,

262 1089 313 1137 500
360 1071 465 1121 Dixerat
480 1072 557 1120 invito
574 1088 628 1138 quae
644 1073 706 1120 mala
720 1071 794 1119 verba
809 1070 878 1119 Deo.

323 1144 383 1193 Feta
395 1144 440 1192 tibi
456 1156 568 1194 occurrat
582 1144 662 1209 patrio
676 1142 798 1210 popularis
814 1145 838 1191 in
854 1158 935 1202 arvo,

359 1216 443 1281 Sitque
459 1215 590 1284 Paphageae
607 1215 674 1266 causa
688 1218 764 1266 leaena
779 1217 854 1265 necis.

323 1288 422 1355 Quique
436 1289 589 1357 Lycurgiden
602 1289 706 1349 ietavit,
726 1288 751 1338 δι
766 1290 852 1337 arbore
866 1301 967 1345 natum,

360 1363 507 1429 Idmonaque
523 1362 655 1419 audacem,
671 1375 696 1411 te
710 1377 805 1427 quoque
822 1375 932 1427 rumpat,
947 1379 1012 1427 aper.
1080 1401 1081 1412 ,

263 1453 312 1500 505
326 1435 398 1500 Isque
414 1437 455 1485 vel
471 1434 584 1484 exanimis
601 1436 674 1484 saciat
687 1436 732 1484 tibi
748 1436 855 1493 vulnus,
873 1448 901 1484 ut
915 1436 966 1493 iili,

361 1507 414 1558 Ora
429 1508 500 1574 super
511 1506 553 1557 fixi
569 1524 640 1574 quem
657 1507 768 1556 cecidere
785 1508 840 1556 suis.

324 1579 381 1631 Sive
397 1581 462 1631 idem
477 1580 547 1630 simili
561 1582 629 1647 pinus
645 1597 716 1646 quem
729 1592 809 1629 morte
826 1579 947 1645 peremit:
1014 1600 1018 1606 ’

360 1653 441 1721 Phryx
457 1654 483 1705 δι
499 1668 602 1703 venator
617 1654 650 1703 sis
662 1653 862 1721 Berecyntiades.

324 1724 350 1776 Si
366 1740 408 1775 tua
424 1727 554 1794 contigerit
566 1725 665 1777 Minbas
680 1726 886 1792 puppis‘arenas,

264 1817 314 1865 5¹0
362 1798 401 1847 Te
416 1798 571 1865 Corcyraeum
588 1798 684 1849 Cressia
700 1801 770 1849 turba
784 1811 863 1864 putet.

323 1870 498 1937 Lapsuramque
516 1870 611 1919 domum
626 1870 727 1928 subeas,
746 1884 774 1920 ut
788 1871 882 1938 sanguis
897 1870 1001 1921 Aleuae:
1080 1919 1081 1926 ,

361 1944 435 1993 Steiia
451 1942 611 2009 Leoprepidae
627 1941 680 1992 ciam
696 1942 741 1993 suit
756 1946 902 2009 aquatico.

324 2020 409 2083 thue
425 2018 466 2066 ves
480 2016 596 2074 Euenus,
613 2016 716 2066 torrenti
731 2016 828 2066 flumine
842 2016 953 2073 mersus,

362 2092 468 2140 Nomina
485 2090 527 2139 des
543 2090 650 2156 rapidae,
667 2091 708 2138 vel
723 2088 871 2146 Tiberinus,
889 2106 968 2154 aquae.

267 2179 315 2227 515
329 2162 492 2229 Astacidaeque
510 2163 602 2220 modo,
620 2161 697 2211 decisa
716 2162 833 2211 cadavere
850 2175 957 2219 trunco,

363 2235 444 2303 Digna
461 2236 518 2285 seris
533 2267 541 2293 ,
558 2234 649 2284 homini
663 2234 695 2283 sit
710 2247 782 2299 caput
795 2234 847 2284 esca
863 2247 940 2283 tuum.

327 2309 450 2375 Quodque
467 2308 548 2357 serunt
562 2308 667 2357 Brotean
684 2306 764 2355 secisse
780 2308 890 2372 cupidine
906 2308 1013 2365 mortis,

363 2382 416 2431 Des
430 2393 471 2429 tua
485 2380 603 2430 succensae
619 2380 722 2428 membra
738 2380 864 2430 cremanda
878 2396 955 2447 pyrae.

325 2452 480 2518 inclususque
495 2469 579 2501 necem
595 2451 668 2499 cavei
683 2451 799 2515 patiaris,
817 2464 846 2501 ut
862 2453 903 2501 iiie

267 2542 317 2587 520
364 2526 422 2574 Non
437 2524 579 2590 prosetburae
595 2524 705 2571 conditor
720 2523 832 2574 historiae.

323 2598 407 2663 thue
423 2596 542 2663 'repertori
560 2595 644 2644 nocuit
658 2597 772 2663 pugnacis
784 2597 873 2654 iambi,

362 2670 402 2719 Sic
416 2670 448 2719 sit
463 2670 489 2719 in
505 2668 603 2720 exitium
620 2669 701 2736 lingua
716 2682 828 2735 proterva
842 2682 920 2718 tuum.

326 2740 410 2809 thue
426 2758 507 2807 parum
522 2741 596 2791 stabili
612 2743 651 2808 qui
667 2744 771 2792 carmine
787 2741 848 2792 taesit
864 2742 997 2804 Athenas,

239 2816 241 2821 ’
361 2815 451 2866 invisus
467 2832 570 2883 pereas,
587 2814 715 2865 deficiente
730 2817 795 2865 cibo.

267 2906 314 2953 525
329 2888 395 2941 Utve
412 2891 470 2957 lyrae
483 2900 551 2939 vates
566 2888 643 2937 sertus
658 2889 751 2954 periisse
765 2890 873 2949 severae,

364 2961 442 3011 Causa
457 2962 489 3012 sit
502 2962 568 3011 exitii
584 2961 683 3011 dextera
699 2962 751 3011 laesa
767 2962 811 3012 tui.

326 3034 409 3099 thue
424 3034 614 3101 Agamemnonio
629 3037 715 3083 vulnus
733 3036 799 3085 dedit
815 3034 899 3102 anguis
917 3032 1037 3094 Orestae,

361 3106 401 3156 Tu
419 3123 514 3174 quoque
529 3107 559 3157 de
574 3107 653 3157 morsu
668 3109 733 3159 virus
749 3109 853 3159 habente
868 3108 949 3160 cadas.

999 3182 1040 3234 Sit
