2367 3942
284 426 788 503 Tursrrvnrlru.I.
843 455 913 531 173

97 553 99 556 '
202 545 270 612 Ergo
286 549 357 613 quim
371 546 478 607 misero,
497 558 547 597 tam
562 564 642 607 vero,
658 546 719 597 teste
733 552 864 614 probaris;

241 619 288 667 Hic
305 620 406 685 aliquod
421 619 515 685 pondus
532 621 554 669 si
567 620 640 671 modd
657 621 721 671 tellis
737 623 818 675 habet.

199 692 256 741 Nec
272 692 398 758 probitate
416 692 457 741 tui
475 693 540 757 prior
555 694 588 743 est
604 707 646 745 aut
659 694 773 748 Heeioris
787 715 870 758 uxor,

239 764 292 815 Aut
308 781 391 815 comes
409 765 524 815 exstindio
540 766 670 819 Laodamia
683 768 748 822 viro.
921 788 957 826 20

198 838 242 887 Tu
258 838 280 888 si
295 838 430 889 Maeonium
448 850 528 889 vatem
542 840 626 904 sortita
643 839 741 901 suillas,

232 909 376 977 Penelopes
392 910 452 960 ellet
467 912 530 961 fama
546 913 649 963 secunda
664 927 721 965 tuae.

198 983 259 1033 Sine
273 984 319 1033 tibi
337 986 385 1033 hoc
401 984 496 1041 debes,
511 987 577 1035 nulli
591 986 631 1053 pia
646 985 706 1035 falia
721 988 849 1056 magistri3
938 1042 942 1053 ,

237 1056 349 1123 Cumque
365 1056 430 1106 novi
444 1074 525 1113 mures
542 1060 596 1109 sunt
613 1060 659 1109 tibi
672 1060 726 1110 luce
744 1061 814 1114 dati:

97 1162 101 1169 -
199 1129 301 1180 Femina
312 1130 355 1179 seu
366 1130 495 1196 princeps,
511 1149 594 1183 ornnes
609 1134 660 1183 tibi
669 1135 733 1183 culta
748 1152 792 1200 per
805 1154 899 1197 annos,
921 1155 954 1203 25

236 1203 277 1252 Te
293 1203 369 1253 docet
384 1206 521 1269 exemplum
537 1204 646 1274 conjugis
664 1206 710 1257 elle
727 1208 818 1269 bonan

198 1271 385 1342 Assimilemq'ue
402 1275 436 1326 sui
450 1278 523 1346 longi
538 1278 685 1329 assuetudine
703 1273 782 1340 iecit5

237 1347 345 1399 Grandia
359 1349 380 1397 si
396 1351 476 1415 parvis
492 1352 631 1403 assimulare
648 1353 715 1403 licet.

198 1420 248 1471 Hei
260 1420 319 1471 mihi
330 1420 336 1469 !
348 1438 399 1471 non
408 1439 505 1490 magnas
514 1426 579 1491 quod
589 1427 679 1475 habent
689 1441 744 1477 mea
756 1418 861 1479 carmina
871 1431 935 1480 vires
945 1465 953 1490 ‚

234 1494 369 1560 Nostraque
385 1495 438 1546 sunt
453 1496 545 1547 meritis
562 1514 604 1547 ora
619 1500 712 1547 minora
729 1500 786 1550 tuis.
920 1517 955 1568 30
982 1513 984 1519 '

198 1565 224 1615 Si
241 1567 299 1631 quid
316 1568 382 1618 &in
397 1568 467 1619 uobis
481 1569 532 1618 vivi
547 1570 593 1619 fuit
609 1582 666 1621 ante
679 1570 790 1637 vigoris,

235 1639 379 1689 Exliiniium
395 1642 480 1707 longis⁴
492 1642 584 1693 occidit
601 1660 673 1693 omne
689 1644 757 1693 malis
770 1663 778 1703 ς

90 1711 91 1756 l
178 1736 181 1740 ·
197 1709 276 1761 Prima
292 1714 373 1762 locum
389 1714 478 1765 sanuas
494 1716 607 1767 heroidas
622 1716 824 1769 inter-haberes:

232 1784 311 1835 Prima
325 1787 395 1836 bonis
410 1787 481 1841 animi
499 1789 666 1856 conspicerere
683 1791 727 1839 tui.

196 1855 425 1925 Quantumcumque
439 1874 519 1911 tamen
533 1865 652 1927 praeconia
666 1863 745 1915 nolira
760 1867 895 1926 valebunt,
915 1882 948 1934 35

231 1930 385 1983 Carminibus
401 1932 469 1983 vives
483 1941 576 2002 tempus
595 1938 621 1986 in
638 1952 709 1987 omne
724 1939 795 1988 meis.

90 2325 92 2342 .
198 2227 253 2345 Si
263 2308 351 2354 ovas
367 2294 442 2347 habes
456 2297 530 2350 noliri
546 2301 636 2353 similes
650 2304 673 2353 in
690 2304 793 2375 imagine
809 2310 909 2372 vultus,

231 2368 311 2417 Deme
325 2369 385 2417 meis
402 2369 523 2432 hederas,
538 2374 656 2427 Bacchica
671 2380 751 2441 serta,
770 2382 855 2435 c'omiS.

192 2438 238 2487 Ilia
252 2439 342 2491 decent
358 2442 427 2493 laetos
445 2444 526 2495 felicia
541 2448 609 2515 signa
625 2452 728 2515 poetas:

229 2511 389 2577 Temporibus
407 2533 458 2565 non
474 2518 507 2567 est
520 2535 576 2586 apta
594 2540 684 2574 corona
701 2528 769 2577 meis.

90 2645 91 2654 ἵ
193 2582 252 2633 Haec
267 2585 313 2634 tibi
326 2586 477 2645 dissimulas,
496 2592 567 2643 sentis
581 2607 681 2654 tamen,
697 2600 787 2665 optime
799 2633 806 2658 ,
826 2600 889 2659 dici,
913 2616 925 2663 5

229 2657 256 2705 ln
271 2657 350 2725 digito
366 2660 410 2725 qui
422 2678 460 2711 me
477 2662 574 2730 fersque
590 2668 717 2736 refersque
734 2684 789 2721 tuo.

194 2726 350 2797 Effigiemque
363 2750 441 2782 meam
451 2734 522 2786 fulvo
534 2741 675 2806 complexus
692 2744 716 2791 in
731 2762 810 2803 auro,

229 2802 290 2851 Cara
305 2806 427 2872 relegati,
445 2811 491 2873 qui
501 2824 598 2873 potes,
615 2830 658 2865 ora
673 2816 751 2865 vides.

194 2872 253 2937 Quae
269 2878 365 2940 quoties
382 2878 491 2944 spedas,
505 2881 588 2933 subeat
605 2888 649 2935 ribi
665 2888 748 2937 dicere
765 2887 863 2949 forsan,

181 2988 185 2993 .
228 2946 306 3009 Quim
322 2953 408 3015 procul
424 2970 437 3001 a
453 2954 522 3005 nobis
540 2958 605 3007 Naso
621 2958 708 3009 sodalis
723 2959 806 3009 abest!
912 2976 943 3011 ιο

195 3018 267 3071 Grata
281 3033 323 3071 tua
339 3022 372 3073 est
386 3025 483 3090 pieras3
502 3029 542 3078 sed
557 3031 661 3080 carmina
677 3030 755 3098 rnajor
769 3035 847 3100 imago
931 3048 933 3053 ’

210 3092 285 3145 '‘Sunt
300 3112 373 3156 mea,
391 3115 443 3165 quae
459 3101 547 3153 mando
561 3103 744 3171 qualiacumque
759 3108 825 3173 legas
839 3125 847 3163 ;

790 3178 852 3244 lliij
