2367 3942
251 498 773 572 FAsroauera.II.
822 490 871 597 5'1

187 608 246 664 Curio
259 618 367 687 legitimis
383 634 447 667 nunc
462 616 601 669 Fornacalia
615 618 696 669 verbis
744 654 749 662 .

212 686 321 741 Maximus
335 690 438 748 indicit,
456 706 501 741 nec
517 690 575 741 stata
589 690 653 741 sacra
666 692 735 742 sarit.

185 753 243 825 Inque
256 766 321 816 Foro
332 795 341 822 ,
352 763 430 822 ‚inulti
442 764 532 815 circum
544 762 668 829 pendente
677 763 786 825 tabelli,

209 834 393 903 Signaturserti
403 835 476 887 Curia
486 853 589 904 quaeque
601 836 672 889 noti.
883 854 936 909 530
961 895 965 899 Α

181 902 295 976 stultaque
305 924 360 975 pars
370 910 452 974 populi
463 942 471 968 ,
491 909 586 976 quaesit
599 910 639 960 sua
649 907 733 972 curia,
751 910 845 973 uescit;

150 990 152 995 '
208 980 251 1031 Sed
263 982 323 1033 facit
336 982 443 1032 extremi
454 982 519 1033 sacra
532 984 610 1033 relata
624 983 673 1033 die.

178 1047 239 1104 EST
251 1056 332 1105 honor
344 1055 369 1105 bt
378 1057 483 1107 tumulis.
496 1056 595 1106 Animas
605 1057 699 1120 placate
710 1069 823 1124 paternas
834 1092 842 1121 ‚

207 1125 326 1195 Parvaque
337 1128 361 1179 in
370 1128 492 1179 exstinctas
503 1146 604 1179 munera
613 1129 676 1179 serte
687 1148 766 1198 pyras.

177 1190 241 1252 Parva
253 1213 340 1269 petunt
349 1218 430 1253 manes
444 1203 540 1268 :pietas
555 1219 600 1270 pro
613 1202 688 1253 divite
700 1216 768 1271 grata
782 1204 816 1257 eu
885 1218 915 1275 53
922 1219 936 1269 5

205 1273 305 1326 Munere
318 1291 326 1328 t
336 1292 386 1326 non
396 1275 479 1327 avidos
491 1276 553 1343 Styx
563 1278 636 1326 habet
645 1275 692 1325 ima
702 1277 782 1331 Deos·

175 1340 259 1415 Tegula
273 1347 385 1414 projeslis
400 1348 456 1399 satis
471 1349 505 1399 esi
518 1350 597 1399 velata
612 1348 728 1409 coronis,

203 1420 230 1473 Et
247 1421 329 1488 sparsae
343 1422 426 1487 fruges
439 1455 448 1479 ‚
462 1439 582 1487 parcaque
595 1421 657 1471 mica
670 1421 744 1479 salisr

174 1487 239 1559 Inque
252 1511 319 1545 mero
330 1494 423 1545 mollita
435 1494 513 1543 Ceres
524 1526 532 1553 ,
552 1496 673 1559 violaeque
683 1492 777 1546 solute.

201 1568 262 1619 lfaec
277 1568 367 1617 habeat
378 1565 457 1615 medii
469 1564 530 1615 testa
541 1566 624 1615 reliua
636 1565 686 1615 vii.
887 1581 938 1630 54⁰

170 1634 214 1691 Nec
229 1637 325 1704 majora
334 1650 395 1689 veto
406 1653 414 1687 t
428 1637 469 1686 sed
481 1638 506 1687 δι
516 1637 553 1685 his
564 1636 685 1703 placabilis
695 1638 778 1688 umbra
787 1636 831 1691 est.

198 1712 274 1763 Adde
285 1727 371 1777 preces
386 1708 509 1776 positis&
524 1709 564 1761 sua
578 1710 652 1759 verba
663 1710 735 1761 focis.

169 1782 236 1837 llunc
251 1800 347 1834 morem
356 1779 464 1842 AEneas‚
481 1782 577 1849 pietatis
591 1782 693 1835 idoneus
703 1783 804 1846 ausint,

196 1858 291 1911 Attulit
305 1858 329 1907 in
345 1867 439 1915 terras,
457 1855 515 1921 juste
526 1856 630 1914 Latine,
644 1869 710 1907 tuas.

169 1928 204 1983 llle
216 1932 293 1998 patris
305 1930 386 1983 Genio
400 1930 522 1982 sollemnia
535 1930 600 1983 dona
609 1929 723 1989 serebat3
884 1946 934 1997 545

197 2006 263 2055 Hinc
276 2006 360 2071 populi
372 2004 432 2054 ritus
446 2004 571 2059 edidicere
584 2004 649 2069 pios.

163 2076 195 2129 'ts
204 2078 346 2147 quondam,
364 2076 419 2126 dum
429 2078 502 2142 longa
513 2088 601 2143 gerunt
611 2074 759 2143 pugnacibus
768 2074 840 2131 armis

198 2152 286 2208 Bella,
305 2149 448 2199 Parentales
463 2148 590 2199 deseruere
603 2148 666 2199 dies.

168 2224 219 2274 Non
229 2227 330 2291 impune
341 2221 387 2271 suit
399 2237 405 2271 a
418 2238 472 2271 nam
482 2220 571 2271 dicitur
583 2219 664 2270 omine
673 2221 703 2270 ab
713 2217 758 2273 isto

198 2299 277 2349 Roma
292 2294 430 2347 suburbanis
444 2293 564 2345 incaluisse
579 2294 654 2361 rogis.
883 2311 935 2362 550

166 2370 213 2425 vix
224 2370 337 2436 equidem
351 2369 426 2419 credo
437 2386 445 2420 s
457 2368 528 2419 bullis
542 2366 615 2419 exisse
628 2368 739 2419 seruntur
749 2400 758 2428 ‚

200 2444 231 2493 Et
246 2443 326 2509 tacitae
337 2442 412 2507 questi
424 2454 536 2507 tempore
547 2442 624 2493 nouis
637 2441 688 2491 avi.

165 2516 258 2581 Perque
272 2516 323 2566 vias
334 2516 426 2576 Urbis,
445 2515 575 2579 Latiosque
586 2511 683 2564 ululasse
693 2528 738 2579 per
747 2529 821 2582 agros
831 2547 841 2575 ,

200 2588 331 2639 Desormes
344 2588 452 2648 animas,
469 2590 555 2655 vulgus
570 2587 660 2645 inane,
676 2586 767 2639 serunt.

164 2660 218 2713 Post
229 2678 257 2711 ea
266 2662 384 2727 praeteriti
394 2662 491 2711 tumulis
503 2660 636 2712 redduntur
646 2661 753 2709 honores
763 2675 773 2721 ς
885 2675 898 2725 5
904 2674 918 2724 5
923 2676 936 2725 5

201 2733 367 2801 Prodigiisque
380 2735 447 2785 venit
461 2734 634 2799 funeribusque
650 2732 747 2781 modus.

163 2807 229 2858 Dum
239 2820 320 2857 tamen
330 2810 382 2857 haec
397 2806 475 2865 fiunt,
492 2805 571 2856 viduae
587 2804 673 2857 cessate
687 2804 796 2870 puellare

199 2880 327 2945 Exspec’set
340 2896 414 2947 puros
424 2882 495 2945 pinea
505 2878 569 2929 taeda
583 2880 645 2929 dies.

136 2986 139 2996 ·
165 2952 217 3003 Nec
232 2955 277 3003 tibi
289 2970 364 3018 ‚qua
377 2953 470 3018 cupide
484 2963 576 3002 matura
587 2952 703 3003 videbere
711 2947 803 3007 matri,

200 3025 294 3077 Comat
305 3026 423 3091 virgineas
433 3026 497 3076 hasla
510 3041 613 3076 recurva
625 3038 717 3074 comas·
884 3019 936 3083 560

169 3094 251 3151 conde
261 3112 337 3156 tuas,
356 3098 489 3165 Hymenaee
501 3132 509 3157 ,
526 3098 592 3149 sares
604 3129 612 3155 ,
633 3097 660 3147 δι
670 3096 701 3146 ab
713 3092 808 3160 ignibus
817 3092 876 3145 atris

120 3150 123 3181 ⁸
198 3171 278 3227 Auser
288 3190 297 3229 t
307 3173 401 3227 habers
412 3172 470 3229 elias
482 3170 562 3225 maeste
573 3171 684 3241 sepulcra
695 3166 798 3284 saccae
811 3236 829 3304 ij
