2367 3942
307 424 381 501 310
429 402 471 471 P.
494 401 688 474 Orrrnr
713 400 946 493 Naroma
1084 435 1085 502 q

302 522 399 581 Parce,
416 522 463 577 Vir
476 501 592 571 immenso
609 520 688 587 major
701 520 832 572 virtutibus
848 524 931 583 orbe,
1033 589 1036 593 ι

338 595 449 663 iustaque
465 594 576 645 vindi&
593 594 712 661 supprime
726 595 782 643 lora
796 606 856 645 toz.

259 685 291 737 25
304 668 379 721 Parce
391 702 400 725 .
417 685 524 735 precor,
542 667 599 718 secli
612 668 688 717 decus
702 667 833 719 indelebile
846 666 941 727 nostri.

338 742 471 793 Terrarum
487 740 610 791 dominum
626 757 698 807 quem
714 739 755 790 sua
771 758 829 791 rura
843 740 913 792 lacit.

302 816 349 868 Per
365 815 448 881 patriae
465 830 572 871 nomen,
589 830 642 879 que
656 825 682 863 te
696 812 742 862 tibi
762 814 842 863 carior
855 814 908 879 ipso
923 814 976 875 eli,

339 887 385 938 Per
403 904 529 953 numquam
543 886 626 937 surdos
641 886 667 935 in
683 898 726 936 tua
737 898 797 936 vota
813 887 884 936 Deos
898 903 908 945 ;

176 964 179 971 ⁴
224 990 228 997 1
301 958 397 1027 Perque
413 960 462 1011 tori
476 960 583 1018 sociam.
597 976 650 1026 quae
665 976 708 1025 par
722 959 767 1008 tibi
784 959 833 1009 loia
846 973 947 1025 reperta
960 958 1013 1020 eli.

259 1048 292 1099 30
340 1034 371 1083 Et
388 1034 427 1083 cui
443 1031 550 1098 majestas
567 1048 621 1081 non·
633 1030 790 1085 onereiltua
804 1030 859 1089 este

301 1106 394 1172 Perque
411 1106 454 1156 tibi
468 1105 570 1157 similem
587 1106 683 1155 virtutis
699 1104 802 1173 imagine
817 1117 920 1164 natum,

337 1178 449 1229 Moribus
465 1178 561 1245 agnosci
578 1176 619 1243 qui
634 1191 690 1227 tuus
707 1176 754 1227 effe
771 1176 870 1243 potest3

301 1251 396 1317 Perque
411 1264 467 1303 tuos
484 1253 525 1301 vel
542 1266 588 1301 avo
601 1252 641 1300 vel
655 1250 741 1317 dignos
756 1262 825 1317 patre
838 1258 964 1315 nepotes,

337 1325 388 1390 Qui
401 1325 503 1376 veniunt
515 1340 603 1393 magno
621 1336 723 1389 pertua
736 1334 795 1372 vota
810 1323 884 1391 gradu
897 1339 907 1382 ς

257 1408 288 1460 35
302 1396 373 1448 Parte
389 1400 444 1448 leva
459 1396 555 1446 minimi
567 1394 659 1446 nostras
677 1396 703 1446 δι
719 1398 834 1446 contrahe
851 1411 955 1461 poenasa

336 1472 425 1537 Daque
438 1504 446 1529 ,
461 1471 546 1535 procul
558 1468 676 1537 Scythico
687 1469 728 1535 qui
738 1469 769 1519 sit
778 1471 808 1518 ab
818 1468 885 1517 hoste
897 1502 905 1527 ,
918 1470 1012 1521 locum.

299 1543 330 1593 Et
346 1556 407 1604 tua,
423 1544 443 1595 si
458 1543 493 1593 fas
510 1542 563 1601 est,
579 1539 598 1591 a'
611 1538 708 1592 Caesare
720 1542 831 1609 proxime
846 1541 947 1600 Cesar,

337 1617 440 1667 Numina
455 1616 503 1667 sint
514 1615 627 1683 precibus
639 1632 689 1665 non
702 1615 798 1664 inimica
813 1614 883 1663 meir.

300 1689 339 1737 Sic
355 1689 407 1739 fera
420 1692 490 1756 quam
504 1686 605 1754 primirm
620 1688 708 1754 pavido
722 1686 853 1737 Germania
866 1687 939 1738 vultu

255 1774 290 1821 4ο
308 1776 311 1781 ’
338 1762 403 1810 Ante
420 1762 592 1825 triumphanter
609 1761 678 1811 serva
693 1760 784 1809 feratur
800 1777 887 1827 equos.

298 1834 337 1883 Sic
352 1844 420 1899 pater
437 1834 461 1883 in
475 1832 578 1900 Pylios,
596 1830 709 1881 Cumaeos
724 1845 803 1883 meter
819 1834 843 1883 in
859 1846 938 1883 annos

333 1906 425 1958 Vivant
434 1922 443 1965 ;
463 1906 488 1957 lit
503 1904 581 1972 poesia
597 1902 660 1955 filius
676 1903 724 1953 elle
741 1905 790 1955 diu.
822 1914 825 1919 '
886 1914 889 1921 '

297 1979 337 2029 Tu
353 1995 469 2047 quoque,
484 1976 632 2029 conveniens
648 1976 740 2044 ingenti
755 1977 955 2046 nuptamaritm

333 2052 427 2119 Accipe
442 2069 491 2103 non
508 2052 567 2103 duri
583 2051 695 2117 supplicis
711 2067 770 2101 aure
782 2066 879 2117 precer.

255 2142 287 2190 45
301 2125 341 2177 Sic
356 2126 399 2179 ribi
414 2126 451 2177 vir
468 2124 567 2189 sospes,
586 2126 621 2175 sic
637 2124 684 2175 sint
699 2140 753 2173 cum
768 2126 839 2190 prole
852 2134 980 2188 nepotes,

334 2198 444 2264 Cumque
459 2199 529 2249 bonis
544 2198 642 2249 nuribus
658 2212 717 2264 quar
733 2212 852 2263 peperere
868 2213 954 2246 nurus.

297 2272 355 2329 Sic,
373 2287 444 2338 quem
457 2271 508 2320 dira
524 2271 568 2320 tibi
583 2270 664 2336 rapuit
680 2270 830 2329 Germania,
848 2269 945 2321 uratur

326 2342 391 2395 'Parc
406 2344 480 2394 luerit
496 2342 578 2407 partus
593 2342 643 2391 sola
657 2343 748 2393 caduca
761 2342 806 2393 tui.

233 2472 236 2478 ,
297 2417 336 2469 Sic
352 2408 395 2466 tibi
409 2416 491 2467 Marte
509 2414 571 2475 suo,
589 2416 691 2465 fraterni
701 2414 794 2465 funeris
809 2416 896 2474 ulter,

149 2538 151 2544 .
254 2508 286 2557 50
334 2488 471 2555 Purpureus
486 2486 563 2537 niveis
577 2486 643 2537 iilius
658 2487 731 2537 instet
746 2488 823 2555 equis.

295 2562 402 2613 Annuite
420 2560 458 2611 o!
472 2558 559 2610 timidis
576 2560 699 2611 mitissima
714 2563 811 2613 nutrire
826 2559 914 2613 rorice

319 2634 465 2685 -Prarienter
479 2631 568 2699 aliquid
583 2635 661 2701 prosit
676 2635 767 2685 hebere
781 2634 851 2685 Deoe
866 2634 879 2684 l

296 2708 396 2759 Caesaris
413 2708 535 2765 adventu,
553 2706 607 2757 toti
623 2706 743 2776 gladiator
758 2706 832 2757 areni

332 2781 407 2840 Exit3
423 2780 448 2831 &
464 2780 577 2829 auxilium
592 2797 641 2841 non
657 2782 712 2830 leve
726 2781 808 2829 vultus
820 2778 907 2829 heb«.

253 2873 264 2921 5
271 2871 283 2920 5
297 2853 540 2921 Nosquorprevellra
547 2852 619 2919 juvet
627 2855 749 2920 quomque
757 2854 870 2911 lieet‚ora
878 2848 1002 2903 ridemus!

330 2930 421 2978 intrata
436 2927 469 2979 est
483 2926 581 2993 Superis
597 2928 663 2993 quod
680 2925 766 2975 domos
777 2941 825 2974 una
840 2926 929 2997 tribur.

132 3004 134 3009 ’
239 3064 241 3068 ,
294 3003 388 3055 Felices
403 3002 437 3050 illl
453 3000 458 3049 !
471 3001 513 3067 qui
528 3016 577 3051 non
592 3001 738 3059 simulacra,
754 2998 796 3049 sed
809 2998 892 3065 ipsos,

330 3074 428 3143 Quique
442 3072 524 3125 Dellm
539 3087 621 3125 coram
636 3088 741 3141 corpore
755 3088 817 3125 vera
828 3072 931 3131 viam
