2367 3942
307 426 378 521 138
413 423 930 501 P.071011‚N.4nours

302 545 364 595 Sunt
377 543 454 595 avide
467 545 582 595 volucres
598 560 606 595 a
622 561 672 595 non
688 560 740 610 quae
754 542 855 599 Phineia
869 549 962 601 mensis
988 560 1008 571 “’

302 676 305 682 ,
340 616 449 668 Guttura
462 618 627 676 fraudabant3
643 618 683 667 sed
697 634 772 684 genus
786 618 843 669 inde
859 621 969 673 trahunt.

305 690 405 743 Grande
417 702 490 757 caput
503 707 511 741 t
525 690 614 741 stantes
630 692 695 740 oculi
709 706 717 740 a
730 690 804 741 rostra
814 704 870 757 apta
884 696 998 759 rapine:

339 764 446 813 Canities
463 764 568 829 pennis,
585 765 703 831 unguibus
718 764 801 814 hamus
816 764 884 815 inest.
957 790 959 794 v

246 846 291 896 135
304 836 382 887 none
393 838 477 888 volant
488 869 496 895 ,
514 854 652 904 puerosque
662 848 748 903 petunt
759 836 858 891 nutricis
869 850 975 908 egentes
985 852 1003 901 3·

338 909 370 959 Et
385 910 471 960 vitiant
489 911 556 960 cunis
572 927 675 977 corpora
689 922 758 975 rapta
772 910 828 963 suis.

304 982 413 1049 Carpere
428 984 541 1035 dicuntur
554 983 666 1037 laurentia
681 984 773 1033 viscera
788 984 889 1045 rostris.

240 1094 244 1104 .
339 1056 370 1107 Et
386 1059 484 1123 plenum
499 1069 561 1122 poto
576 1058 689 1127 sanguine
704 1069 787 1125 guttur
803 1058 903 1109 habent.

301 1129 340 1178 Est
354 1130 400 1180 illis
413 1130 523 1198 strigibus
537 1146 648 1181 nornen:
664 1130 704 1179 sed
719 1130 821 1181 nominis
836 1130 908 1197 hujus
1010 1154 1012 1161 ·

243 1214 292 1260 140
341 1202 436 1262 Causa,
455 1202 520 1269 quod
535 1202 658 1253 horrendi
672 1202 770 1253 stridere
787 1202 857 1270 nolle
874 1204 967 1265 solent.

302 1275 358 1325 Sive
373 1277 446 1344 igitur
459 1276 587 1327 naseuntur
601 1293 679 1334 aves,
697 1275 737 1326 seu
754 1278 858 1327 carmine
873 1276 956 1336 fiunt,

270 1344 272 1349 ’
337 1350 470 1415 Naeniaque
484 1350 509 1399 in
522 1352 637 1400 volucres
650 1348 732 1399 Marsa
746 1347 834 1415 figurat
847 1366 907 1400 anus
919 1366 929 1407 3

302 1420 331 1471 In
346 1423 462 1473 thalamos
477 1440 570 1473 venete
584 1421 678 1473 Procae.
694 1421 788 1480 Proca,
803 1433 873 1472 natus
889 1422 997 1481 inillis,

338 1494 420 1545 Praeda
435 1513 521 1547 recens
538 1496 618 1547 avium
633 1494 738 1562 quinque
756 1495 839 1545 diebus
857 1506 920 1547 erat.
975 1493 978 1499 ’

243 1577 290 1628 145
303 1565 453 1635 Pedioraque
465 1571 600 1620 exsorbent
613 1569 688 1620 avidis
704 1568 802 1617 infantia
817 1568 914 1635 linguis·
955 1592 958 1599 “

336 1640 371 1690 At
387 1659 448 1707 puer
463 1643 549 1691 infelix
564 1644 649 1709 vagit,
667 1658 786 1706 opemque
800 1642 874 1706 petit·

301 1712 399 1763 Territa
413 1730 475 1762 voce
491 1714 526 1763 sui
541 1716 623 1763 nutrix
638 1713 742 1763 accurrit
758 1714 867 1771 alumni,
912 1758 914 1765 a

335 1784 368 1835 Et
381 1786 460 1852 rigido
473 1785 546 1834 sertas
559 1786 655 1835 invenit
669 1801 749 1851 ungue
764 1802 850 1851 genas.

301 1855 499 1919 Quidfaceret?
516 1858 585 1907 eolor
602 1858 650 1907 oris
666 1868 736 1914 erat,
752 1857 795 1921 qui
811 1856 938 1909 frondibus
954 1858 1016 1909 olin't

241 1941 290 1988 150
338 1930 391 1981 Effe
408 1929 469 1981 solet
486 1930 562 1988 seris,
579 1948 637 1997 quas
652 1946 715 1979 nova
728 1930 790 1979 laesit
804 1930 891 1981 hiems.

300 2001 415 2057 Pervenit
425 2004 455 2054 ad
467 2004 586 2064 Granen,
604 2003 629 2055 &
643 2020 694 2053 rem
705 2002 780 2053 docet
791 2016 799 2055 ι
811 2003 868 2062 illa,
885 2003 1015 2055 Timorem

336 2075 425 2137 Pone3
441 2090 497 2129 tuus
512 2078 612 2144 sospes,
630 2077 707 2137 dixit,
725 2078 833 2127 alumnus
851 2076 909 2127 erit.
967 2076 969 2091 ⁴

298 2152 411 2204 Venerat
427 2152 458 2201 ad
472 2170 545 2203 cunas
559 2169 567 2203 ι
581 2152 671 2203 flebant
686 2163 811 2216 materque
826 2162 955 2216 paterque.
1001 2164 1009 2201 l

337 2225 415 2274 Sistite
431 2242 475 2275 vos
493 2228 629 2291 lacrymas,
646 2223 695 2289 ipsa
711 2222 827 2273 medebor
840 2255 853 2280 ,.
866 2223 910 2273 ait.

241 2306 268 2354 15
276 2308 288 2354 5
302 2294 415 2347 Protinus
430 2296 532 2349 arbutea
545 2296 624 2361 postes
638 2306 676 2345 ter
691 2295 716 2343 in
731 2295 816 2347 ordine
833 2296 911 2363 tangit

336 2370 452 2420 Fronde:
465 2383 503 2419 ter
517 2368 617 2431 arbutei
632 2368 711 2417 limina
725 2368 812 2419 fronde
828 2382 907 2419 notat.

301 2440 396 2509 Spargit
407 2437 562 2507 aquis'aditus
573 2474 580 2500 ,
596 2440 639 2491 >sed
649 2458 701 2507 quae
712 2442 860 2493 medicamen
870 2441 995 2492 habebant
1001 2452 1012 2501 ς

335 2514 445 2580 Extaque
460 2514 581 2579 deporta
596 2514 669 2563 cruda
683 2513 792 2565 bimellre
807 2526 884 2565 tenet.

300 2585 382 2653 Atque
395 2588 447 2647 ira,
461 2586 547 2637 Nonis
561 2603 637 2645 aves,
653 2586 715 2637 extis
728 2588 878 2654 puerilibus,
894 2586 992 2654 inquit,

242 2654 291 2705 160
337 2658 431 2710 Parcite
444 2674 510 2726 :pro
524 2676 602 2725 parvo
616 2659 708 2711 uidima
722 2678 795 2725 parva
811 2660 884 2710 cadit.

291 2729 353 2783 'Cor
367 2749 412 2799 pro
429 2734 524 2791 corde,
540 2734 648 2799 precor,
664 2749 709 2800 pro
724 2732 789 2783 libris
803 2734 885 2783 sumite
900 2731 985 2784 fibras.

270 2799 273 2805 ¹
337 2805 407 2856 Hanc
423 2806 524 2856 animam
540 2808 616 2856 vobis.
628 2823 673 2871 pro
689 2806 789 2855 meliore
807 2806 898 2857 damus.

303 2878 342 2929 Sic
358 2880 400 2930 ubi
415 2881 517 2939 libavit,
535 2879 643 2944 proseela
657 2878 698 2927 sub
712 2878 803 2927 ethere
818 2880 907 2945 ponit;
930 2919 933 2928 ,

338 2952 437 3020 Quique
452 2954 523 3003 sacris
537 2938 641 3009 adlimt,
659 2949 779 3017 ‘respicere
792 2950 832 3002 illa
848 2963 928 3004 vetat·

243 3020 290 3083 165
303 3026 427 3092 virgaque
441 3026 530 3079 Janalie
545 3026 576 3075 de
592 3023 658 3090 ipini
673 3023 777 3074 sumitur.
784 3024 856 3082 albii

289 3136 293 3145 .
337 3097 394 3163 Qui
409 3100 490 3155 lumen
504 3098 612 3152 naumis
627 3114 700 3163 parva
716 3096 818 3149 fenestre
833 3096 915 3149 daban
