2367 3942
291 402 586 471 Turenum
613 404 722 473 ιη.
750 406 781 477 Ι.
837 384 905 500 i71

97 542 100 547 ·
180 524 247 581 ,Vnt
262 523 311 573 duo
325 534 409 571 tresve
423 521 482 569 mihi
497 520 529 570 de
543 532 582 570 tot
597 520 721 587 superestis
735 524 823 574 amici:
846 551 849 556 ·

235 596 326 646 Cetera
342 596 476 659 Fortunae,
490 610 540 643 non
550 612 622 653 mea,
638 597 710 645 turba
726 598 779 646 fuit.

198 670 257 734 Quo
273 669 369 735 magis,
385 684 401 716 o
415 669 486 733 pauci
500 668 506 716 l
522 669 594 717 rebus
611 668 742 719 succurrite
758 669 853 737 lapsis,
919 684 930 734 3
939 684 951 732 5

169 747 173 755 '
234 743 266 791 Et
283 742 341 791 date
354 740 479 807 naufragio
492 742 565 791 litora
580 752 634 791 tuta
650 758 715 792 meo.

194 817 269 868 Neve
283 826 353 863 metu
365 814 424 877 false
440 813 537 867 nimium
551 814 689 880 trepidate,
705 815 837 876 timentes,
874 840 878 849 ·

233 888 288 937 Hac
305 886 442 936 offendatur
458 904 490 937 ne
503 888 596 952 pietate
610 887 691 939 Deus.

161 965 163 968 ’
198 963 267 1027 Saepe
283 959 358 1009 fidem
373 961 481 1011 adversis
495 962 568 1011 etiam
580 961 685 1011 laudavit
700 961 725 1010 in
742 963 830 1022 armis,

234 1036 312 1101 Inque
324 1033 371 1083 suis
386 1047 448 1084 amat
461 1035 523 1084 hanc
541 1034 639 1092 Casan,
656 1036 681 1084 in
697 1034 764 1085 hoste
776 1034 872 1103 probet.
919 1051 954 1100 40

197 1106 276 1159 causa
292 1106 395 1157 mea-est
411 1109 516 1167 melior,
534 1109 574 1173 qui
588 1123 638 1157 non
652 1109 771 1158 contraria
786 1109 839 1160 fovi

235 1180 387 1240 Armau'ed
402 1181 463 1231 hanc
478 1182 723 1247 meruisimplicitate
741 1181 832 1249 fugam.

197 1255 313 1321 invigiles
326 1252 402 1320 igitur
416 1253 501 1304 nostris
514 1271 561 1321 pto
573 1256 668 1310 casibus
681 1287 688 1313 ,
707 1271 751 1305 oro
763 1273 773 1313 i
808 1296 812 1303 .

235 1327 345 1376 Diminui
364 1326 383 1377 si
399 1330 445 1393 qud
458 1328 560 1377 numinis
577 1329 612 1377 ira
628 1328 716 1393 potest.

199 1401 269 1449 Scire
285 1414 354 1459 meos
369 1399 390 1449 si
407 1401 461 1465 quis
476 1401 544 1454 casus
559 1400 684 1453 desideret
701 1416 784 1450 omnes
797 1416 807 1457 ;
922 1415 955 1461 45

237 1472 315 1532 Plus,
335 1475 405 1538 quim
417 1475 484 1539 quod
499 1465 554 1523 fieri
566 1490 605 1523 res
618 1474 674 1521 sinit
687 1504 695 1529 ,
708 1473 751 1524 ille
766 1483 843 1537 petat.

198 1546 251 1595 Tot
264 1547 327 1595 mala
339 1546 389 1595 sum
403 1532 500 1611 passui,
514 1557 574 1612 quot
587 1546 612 1595 in
627 1547 719 1597 ethere
735 1545 814 1595 sidera
830 1546 911 1595 lucent
923 1562 932 1603 ;

236 1619 361 1685 Parvaque
376 1630 438 1685 quot
454 1619 534 1669 siccus
547 1634 651 1684 corpora
666 1618 745 1684 pulvis
760 1618 842 1669 hahet.

196 1692 329 1757 Multaque
344 1692 454 1741 credibili
468 1692 565 1743 tulimus
580 1690 691 1757 maiora:
706 1703 848 1757 ratamque,

236 1763 356 1828 Quamvis
372 1765 525 1824 acciderint,
542 1782 592 1815 non
607 1766 715 1815 habitura
731 1764 813 1815 fidem»
926 1778 958 1827 50

199 1837 259 1887 Pars
274 1838 347 1886 etiam
363 1854 458 1898 mecum
474 1840 582 1905 quedam
597 1839 714 1890 moriatur
730 1850 850 1905 oportet3

236 1910 351 1982 Meque,
368 1912 441 1960 velim
454 1913 549 1975 possit,
569 1912 752 1971 dissimulante,
769 1911 830 1979 tegi.
853 1946 857 1955 ι

200 1984 226 2033 Si
242 2000 298 2045 vox,
307 1984 334 2033 in
348 1983 429 2051 fragili
442 1983 502 2033 mihi
518 1984 617 2049 pedore
632 1984 722 2035 firmior
739 2001 806 2050 ere,

236 2056 360 2121 Pluraque
375 2072 430 2103 cam
443 2055 529 2123 linguis
544 2058 650 2121 pluribus
666 2075 708 2107 ora
724 2058 807 2107 forent
820 2074 828 2116 ς

198 2132 259 2180 Non
273 2143 358 2179 tamen
369 2128 464 2179 idcirco
479 2129 651 2195 compleslerer
667 2131 746 2181 omnia
760 2131 859 2191 verbis,
924 2145 955 2194 55

238 2202 347 2253 Meteri&
362 2202 428 2251 vires
444 2203 601 2269 exsuperante
619 2220 694 2255 meas.

200 2276 250 2327 Pro
263 2276 333 2325 duce
342 2274 458 2333 Neritio,
473 2276 554 2334 dotti,
570 2277 632 2326 mala
646 2276 740 2336 nostra,
756 2275 858 2338 Po'e'tae,

238 2349 344 2398 Scribite
355 2364 364 2399 s
377 2347 476 2400 Neritio
492 2366 546 2399 nam
560 2350 621 2399 mala
637 2352 705 2417 plura
721 2350 775 2400 tuli.

95 2420 96 2461 ἶ
200 2423 268 2479 ille,
285 2422 356 2471 brevi
370 2421 467 2486 spatio,
484 2424 564 2474 multis
580 2424 669 2473 erravit
680 2425 705 2473 in
721 2425 807 2481 annis,

95 2537 96 2548 ,
240 2495 307 2543 Inter
323 2494 450 2545 Dulichias
466 2496 599 2562 Iliacasque
617 2497 712 2546 domos.
925 2495 960 2547 60

95 2601 96 2604 =
200 2566 276 2626 Nos,
297 2566 359 2627 freta
375 2568 494 2627 sideribus
507 2569 574 2619 notis
591 2568 698 2619 distantia
715 2568 809 2635 mensos
825 2599 832 2626 ,

243 2640 303 2689 Sors
310 2639 375 2690 ‘tulit
388 2642 413 2691 in
427 2640 532 2692 Geticos
545 2641 736 2707 Sarmaticosque
753 2643 829 2691 sinus.

103 2771 112 2784 ο
201 2714 249 2763 llle
264 2714 349 2766 habuit
362 2712 481 2781 fidamque
498 2731 592 2763 manum
606 2746 614 2772 ‚
634 2713 766 2781 sociosque
779 2712 864 2764 fideles
876 2729 886 2771 ς

241 2786 286 2835 Me
302 2786 430 2854 profugum
448 2788 550 2837 comites
564 2784 693 2837 deseruere
710 2786 767 2835 mei.

94 2883 98 2898 ·
203 2860 249 2911 llle
265 2859 330 2909 luam
346 2862 417 2913 laetus
431 2859 531 2925 patriam
544 2860 669 2925 vislorque
684 2860 794 2925 petebat.
923 2858 956 2919 65

243 2932 357 2998 Apamia
372 2932 439 3001 fugio
456 2933 532 2994 vietus
550 2934 576 2984 &
594 2933 660 2983 exsul
675 2946 733 2999 ege.

205 3006 261 3054 Nec
271 3006 330 3053 milri
340 3005 478 3064 Dulichium
489 3007 575 3056 domus
585 3004 637 3063 est,
650 3006 765 3063 Ithaceve
776 3038 784 3059 ,
797 3002 914 3062 Samevc,

242 3076 317 3128 Poena
329 3079 422 3154 quibus
431 3095 481 3141 nen
495 3078 530 3131 est
543 3078 639 3148 grandis
651 3077 729 3129 abesse
744 3077 839 3196 locis}1
855 3147 869 3158 ..

844 3166 870 3213 ,ιι
