2367 3942
246 411 562 479 Frrrorrurr
587 409 697 477 Lr-u.
726 414 766 479 V.
808 430 874 482 121
946 382 948 388 '

172 529 239 579 Talia
255 530 379 578 dicentem
395 528 484 578 tacitus
499 528 600 577 mirabar
613 544 621 578 r
633 540 658 579 at
673 530 732 588 illa,
831 572 836 578 .
889 546 922 595 27
928 547 938 594 ς

208 602 252 654 bus
267 602 313 651 tibi
330 601 458 659 discendi,
476 601 498 649 si
515 618 561 667 qua
578 602 700 669 requiris,
718 604 762 653 ait.

171 674 239 734 Dic,
256 673 333 733 Dea,
350 674 460 723 ludorum
470 674 629 740 ,respondi,
647 692 698 740 quer
713 676 744 725 sit
760 674 839 744 origo.

207 747 258 798 Vir
275 749 339 796 bene
354 747 491 804 desieram,
509 748 596 796 retulit
611 748 652 795 illa
668 748 732 799 milri.

172 818 262 869 Cetera
277 821 378 869 luxuriae
394 820 501 869 nondum
514 820 668 870 instrumenta
683 821 818 889 rigebantt

207 893 258 942 Aut
273 908 368 959 pecus,
383 905 428 942 aut
443 894 514 942 latam
530 893 599 941 dives
615 893 718 943 habebat
733 895 839 944 humum.
880 894 939 963 ¹280

172 965 235 1015 ilinc
252 967 326 1016 etiarn
341 967 471 1031 locuples,
488 966 544 1014 lrinc
560 965 609 1030 ipsa
622 967 723 1031 pecunia
739 966 799 1017 diua
815 966 847 1019 el
858 982 882 1020 :1

207 1038 256 1087 Sed
271 1037 320 1103 jam
336 1039 366 1088 de
382 1038 463 1088 vetito
479 1038 580 1104 quisque
596 1040 695 1103 parabat
708 1056 778 1105 opes.

172 1110 282 1163 Venerat
294 1112 323 1160 in
338 1126 431 1160 morem
447 1112 531 1177 populi
547 1110 676 1177 depascere
694 1111 786 1171 saltuss

207 1184 284 1249 ldque
301 1181 342 1233 diu
357 1183 449 1242 licuit,
468 1200 587 1251 poenaque
604 1185 668 1233 nulla
683 1184 739 1235 fuir.

173 1256 275 1310 Vindice
290 1256 400 1307 seruabat
414 1257 481 1305 nullo
495 1254 536 1305 sua
550 1257 645 1321 publica
661 1258 746 1325 vulgus
760 1274 771 1316 ς
887 1258 937 1322 285

207 1328 307 1395 lamque
325 1329 349 1378 in
365 1329 461 1394 privato
476 1328 572 1394 pascere
588 1331 673 1380 inertis
689 1341 752 1380 erat.

174 1399 250 1453 Plebis
264 1404 296 1451 ad
302 1400 405 1452 AEdiles
423 1402 502 1451 delata
517 1402 615 1451 licentia
632 1402 688 1452 talis

206 1474 325 1526 Publicius
337 1491 345 1527 ε
357 1474 450 1524 animus
466 1474 543 1526 defuit
559 1486 616 1523 anre
631 1474 699 1524 viris.

172 1546 229 1597 Rem
244 1549 349 1615 populus
367 1548 480 1613 recipite
495 1546 606 1595 muldam
623 1546 716 1597 subiere
733 1559 861 1601 nocentes.

205 1622 346 1673 vindicibus
363 1622 429 1671 laudi
445 1619 540 1687 publica
555 1636 616 1669 cura
629 1618 684 1669 luit.
765 1668 768 1674 s
886 1635 938 1686 290

172 1692 259 1743 Mullia
271 1694 329 1745 date
346 1694 380 1743 eli
396 1709 428 1743 ex
444 1704 514 1759 parte
528 1692 586 1743 milri
599 1708 606 1743 τ
620 1707 755 1761 magnoque
772 1694 856 1746 lavore

205 1766 317 1818 Visborer
332 1766 404 1817 ludos
416 1762 538 1816 institudre
554 1782 642 1816 novos.

172 1837 238 1889 Parte
252 1841 336 1889 locant
353 1839 459 1897 clivum,
477 1839 516 1904 qui
531 1851 590 1889 tunc
602 1850 654 1889 erat
669 1840 742 1891 ardua
758 1856 830 1907 rupes
842 1856 851 1900 ς

204 1913 270 1963 Utile
290 1929 354 1962 nunc
370 1912 485 1971 itereli,
505 1910 685 1979 Publiciumque
700 1926 798 1963 vocant.

172 1985 252 2035 Annua
267 1986 416 2037 credideram
434 1984 566 2050 speiiacula
581 1984 662 2043 fellae
680 1985 796 2053 negavitz
882 2000 931 2050 295

203 2059 303 2109 Addidit
320 2059 347 2110 bt
363 2058 430 2108 diuis
446 2058 521 2108 altera
537 2058 612 2107 verba
627 2058 682 2107 suis.

171 2132 219 2182 Nor
230 2147 329 2199 quoque
342 2132 420 2198 tangit
430 2130 528 2180 bonose
543 2128 608 2179 fellis
623 2128 753 2197 gaudemus
766 2126 846 2182 &aris
858 2148 867 2189 3

202 2205 331 2271 Turbaque
352 2202 467 2254 Coelelier
484 2202 607 2253 embiriosr
620 2202 707 2253 sumus.

170 2276 235 2342 Saepe
246 2278 318 2328 Deos
333 2274 418 2342 aliquis
431 2276 557 2341 peccando
574 2276 633 2326 lecit
647 2277 761 2343 iniquos;

201 2350 231 2400 Et
246 2367 292 2415 pro
310 2350 401 2399 desidiis
418 2350 492 2399 hostie
507 2350 593 2399 blanda
609 2349 664 2399 suit.
878 2364 931 2415 300

168 2423 238 2488 Sepe
248 2422 336 2474 Iovem
352 2422 421 2480 vidi,
439 2421 493 2472 crim
508 2421 613 2489 jamsua
628 2423 725 2472 mittere
740 2422 816 2472 vellet

199 2496 326 2553 Fulmina,
346 2506 402 2545 ture
418 2495 495 2555 dato,
514 2494 641 2545 sustinuisse
657 2510 761 2545 manum.

167 2567 199 2618 At
213 2570 233 2619 si
250 2569 412 2636 negligimur,
431 2569 522 2635 magnis
537 2567 623 2632 injuria
639 2569 717 2634 poenis

200 2640 327 2692 Solvitur:
342 2640 367 2690 bt
382 2641 466 2707 justum
481 2641 588 2708 preterit
603 2641 637 2689 ira
651 2642 758 2691 modum.

166 2712 262 2780 Respice
277 2714 423 2764 Thestiaden
438 2730 445 2763 :
458 2713 559 2763 flammis
576 2713 710 2763 absentibus
727 2713 793 2765 arsit.
865 2724 927 2777 ·3o5

201 2785 277 2837 Causa
294 2787 348 2845 est,
367 2786 432 2852 quod
448 2786 553 2841 Phoebes
569 2802 609 2835 ara
626 2786 676 2837 sine
690 2786 746 2855 igne
764 2785 820 2836 luit.

165 2857 263 2926 Respice
280 2860 427 2909 Tantaliden
439 2875 448 2909 z
460 2860 545 2909 eadem
561 2859 618 2909 Dea
633 2860 688 2909 vela
697 2858 812 2909 ¹tenebat.

198 2932 276 3000 Virgo
290 2932 344 2989 eli,
360 2932 386 2982 dt
403 2931 495 2999 spretos
509 2933 547 2983 bis
561 2945 643 2982 tamen
657 2932 707 2981 ulta
723 2930 803 2981 locos.

164 3000 297 3073 iiippolyte
314 3004 419 3062 infelix,
434 3006 512 3058 velles
529 3004 626 3055 coluisse
640 3004 758 3065 Dionen,

197 3076 260 3127 Cium
278 3076 434 3131 consternatis
449 3077 585 3148 diripereris
599 3077 681 3145 equis·
880 3085 932 3137 3¹0

223 3150 311 3205 Tomur
328 3148 395 3206 111.
445 3149 448 3153 ’
744 3202 747 3212 ,
806 3146 825 3199 p
858 3145 861 3151 ’
