2367 3942
292 444 365 520 140
409 425 452 499 P.
479 426 668 499 Ονιυιι
694 427 926 500 ΝΑεοΝιε

289 545 383 612 Appius
399 545 433 596 est
447 547 549 607 rusior,
567 545 662 615 Pyrrho
676 547 717 614 qui
733 564 793 613 pace
809 550 898 617 negati

325 618 431 669 Multum
448 621 528 670 animo
544 620 624 679 vidirr
644 620 733 673 lumine
751 634 834 686 captus
850 634 914 673 erat.

228 705 277 752 205
290 689 408 757 Prospicit
423 710 437 741 a
452 695 545 759 templo
561 692 675 744 summum
689 694 769 743 brevis
786 710 842 744 area
859 695 973 746 Circum.

304 782 306 786 ·
325 764 364 813 Est
378 762 413 814 'rbi
427 782 477 815 non
492 783 574 832 parve
587 783 660 832 parva
676 766 787 818 columne
801 778 875 818 notae.

288 836 356 899 Hinc
370 836 433 887 solet
445 837 509 888 besta
522 856 613 898 manu,
632 838 691 887 belli
704 840 863 905 prenuncia,
880 838 958 899 mitti,

323 910 353 958 in
369 927 452 977 regem
469 911 494 962 δε
509 925 613 979 gentes,
630 908 682 960 crim
700 912 782 977 piacet
797 929 861 980 arma
877 914 942 980 capi.

288 980 423 1035 ALTERA
437 1001 492 1051 pers
507 985 573 1035 Circi
587 983 684 1034 custode
697 984 738 1033 sub
753 984 860 1036 Hercule
875 997 929 1036 tuta
943 984 1008 1043 est}

229 1067 279 1101 210
328 1054 403 1119 Quod
418 1058 488 1108 Deus
503 1057 618 1107 Fnrbo'r'co
635 1057 739 1108 carmine
755 1075 840 1108 munus
856 1059 940 1108 haber.

289 1128 400 1179 Muneris
414 1130 448 1180 est
463 1143 577 1197 tempus,
597 1131 637 1197 qui
648 1131 732 1197 Nonas
747 1130 845 1180 Lucifer
861 1144 917 1180 ante
934 1129 982 1181 est.

324 1202 351 1250 Si
365 1203 449 1252 titulos
466 1206 573 1269 queris:
587 1204 653 1271 Sylla
670 1204 781 1269 probavit
798 1220 868 1269 opus.

290 1273 508 1339 QUAEREBAM,
524 1278 610 1327 Nonas
624 1277 703 1326 Sanco
720 1276 820 1326 Fidione
835 1277 976 1336 referrem,

326 1348 364 1397 An
380 1349 443 1408 ribi,
461 1350 533 1399 Semo
547 1362 618 1415 parer
629 1365 637 1400 c
650 1348 704 1399 crim
720 1348 776 1399 mihi
791 1350 881 1399 Sancus
897 1350 940 1398 ait.

228 1433 279 1481 215
294 1418 442 1489 Cuicumque
460 1423 550 1473 exiliis
568 1422 682 1481 dederis,
703 1437 750 1489 ego
766 1438 851 1471 munus
867 1422 976 1471 habebo.

327 1495 431 1545 Nomina
446 1496 509 1547 trina
523 1496 577 1546 fero
590 1511 598 1546 c
612 1495 647 1546 sic
662 1496 763 1547 voluere
781 1493 869 1544 Cures.

253 1590 256 1595 ·
291 1566 364 1617 Hunc
380 1568 454 1636 igitur
469 1582 567 1619 veteres
584 1570 704 1619 donarunt
720 1568 772 1619 aede
788 1567 888 1626 Sabini,

327 1640 403 1705 Inque
422 1640 541 1703 Quirinab'
558 1641 702 1691 constituere
719 1640 787 1707 jugo.

291 1710 352 1760 EST
360 1713 434 1771 mihi,
447 1713 527 1777 sitque
537 1745 546 1770 ,
556 1730 658 1778 precor,
671 1712 755 1761 nostris
766 1712 900 1763 diuturnior
911 1710 982 1763 annis
991 1746 1006 1770 ,

229 1796 280 1829 220
329 1784 407 1835 Filia:
420 1785 466 1850 qui
481 1786 540 1834 felix
553 1785 640 1850 sospite
657 1784 750 1850 semper
765 1801 819 1835 ero.

291 1852 361 1906 Hanc
377 1872 424 1923 ego
438 1854 491 1905 crim
504 1858 594 1906 veliem
606 1872 698 1925 genero
714 1856 788 1915 dare,
804 1871 913 1922 tempora
928 1859 1007 1909 taedis

328 1928 392 1996 Apta
407 1929 576 1996 requirebam,
598 1944 700 1997 queque
718 1930 824 1979 cavenda
841 1930 933 1980 sorent-

278 2001 355 2060 ,Tum
371 2003 428 2053 mrbi
444 2003 496 2070 post
511 2003 587 2055 sacres
604 2002 745 2053 monstratur
764 2000 849 2053 Iunius
865 2003 921 2053 ldus

331 2076 405 2127 Utilis
423 2076 448 2128 δι
465 2078 564 2144 nuptis,
584 2076 651 2127 utilis
668 2074 714 2125 esse
730 2076 798 2127 viris.

229 2164 279 2212 225
294 2148 419 2217 Primaque
434 2168 488 2216 pars
503 2150 574 2216 hujus
587 2149 698 2201 thalamis-
711 2150 787 2199 aliena
804 2158 899 2214 reperta
918 2143 963 2200 est.

327 2225 388 2272 Nam
406 2225 464 2273 mibi
482 2223 517 2273 sic
534 2222 625 2288 conjux
641 2220 717 2272 sancia
732 2221 810 2271 Dialis
826 2223 870 2270 ait.

289 2294 380 2345 Donec
393 2297 423 2345 ab
436 2296 513 2346 ‘Iliaca
530 2296 638 2361 placidus
655 2293 791 2361 purgamina
805 2292 879 2345 veste

269 2397 273 2413 ι
325 2368 452 2418 Detulerit
466 2368 534 2417 flavis
548 2369 572 2417 in
588 2384 654 2417 mare
669 2367 750 2417 Tibris
765 2367 853 2433 aquis;

289 2441 347 2489 Non
364 2442 421 2490 mibi
439 2440 553 2490 detonsos
568 2442 648 2489 crines
666 2439 794 2505 depesiere
810 2440 897 2494 buxo,

229 2527 244 2559 2
249 2524 284 2575 30
330 2514 389 2562 Non
405 2505 498 2579 ungues
515 2512 581 2563 ferro
599 2512 737 2563 subsecuisse
753 2512 831 2561 licet:

280 2584 349 2635 ‘Non
365 2584 468 2652 terigisse
482 2585 581 2645 virum3
602 2586 708 2652 quamvis
725 2584 792 2637 Jovis
809 2584 849 2633 ille
866 2582 1000 2645 sacerdoS,

331 2656 446 2720 Quamvis
464 2657 583 2723 perpetui
600 2659 631 2708 sit
647 2658 704 2707 mihi
721 2658 775 2725 lege
793 2656 872 2707 datus.

292 2729 332 2780 Tu
348 2747 444 2797 quoque
457 2747 488 2779 ne
504 2747 609 2798 propera
623 2748 630 2781 ε
644 2729 728 2781 meliis
742 2742 783 2779 rua
799 2727 847 2779 filia
861 2729 957 2788 nubet,

331 2804 403 2869 Ignea
421 2802 473 2853 crim
490 2802 550 2868 puri
565 2802 637 2854 Vesta
654 2804 741 2853 nitebit
756 2802 838 2851 humo.

231 2887 280 2939 235
294 2875 422 2927 TERTIA
438 2875 491 2942 post
501 2876 584 2925 Nonas
600 2891 728 2925 removere
742 2875 856 2941 Lycaona
870 2872 962 2924 Phoebe

329 2950 348 2999 F
350 2962 437 3007 ertur;
454 2950 479 2999 δι
494 2964 510 2997 a
522 2959 594 3015 tergo
611 2948 746 2997 nonhabet
760 2946 821 2996 Ursa
838 2958 937 2995 merum.

294 3021 365 3072 Tunc
382 3039 429 3088 ego
443 3038 483 3072 me
498 3020 594 3071 memini
607 3019 688 3068 Ludos
704 3020 729 3069 in
743 3018 848 3085 gramine
863 3016 950 3082 Campi

330 3093 464 3163 Aspicere:
478 3093 504 3148 δὲ
520 3092 609 3151 didici,
627 3092 718 3143 lubrice
734 3091 822 3152 Tibri,
839 3102 905 3143 tuos·
