2367 3942
182 384 187 399 '
287 380 360 473 368
397 378 440 447 P.
468 377 661 445 orum
688 322 924 443 blasoms

257 508 991 583 &kz-zo

344 630 686 727 rrrsjrora
745 628 871 691 xvr

386 754 472 813 AD
512 751 832 814 INVIDUM.
924 835 937 859 ,

287 866 429 981 Isarae
441 962 449 989 ,
465 928 521 995 quid
533 930 626 979 laceras
636 927 740 979 Nasonis
754 926 857 978 carmina
872 927 960 995 rapti?

324 1002 382 1051 Non
398 1001 458 1053 solet
476 1002 578 1069 ingeniis
595 1001 682 1053 summa
698 1016 789 1051 nocere
806 1001 867 1052 dies.

287 1073 406 1141 Famaque
422 1073 473 1139 post
490 1076 583 1125 cineres
599 1072 678 1140 major
691 1075 779 1124 venit:
794 1073 818 1124 ὃ(
835 1074 894 1125 mihi
908 1090 1001 1124 nomen

324 1146 395 1196 Tunc
412 1164 527 1214 quoque,
545 1146 599 1199 ciam
613 1147 674 1198 vivis
690 1163 877 1205 annumeraret,
896 1161 959 1197 erat.

265 1234 278 1283 5
294 1216 355 1269 Ctim
371 1220 436 1271 soret
454 1222 480 1272 δι
494 1220 610 1279 Marsus,
629 1221 755 1294 magnique
771 1218 883 1269 Rabirius
900 1221 971 1279 oris,

325 1292 458 1359 iliacusque
473 1293 578 1351 Macer,
596 1293 753 1359 sidereusque
770 1290 857 1342 Pedo:

288 1364 339 1423 Et,
357 1366 398 1433 qui
410 1364 423 1417 J
427 1382 531 1416 unonem
546 1363 640 1417 laesisset
653 1366 678 1414 in
693 1366 820 1422 Hercule,
839 1362 920 1415 Carus
931 1381 942 1423 5

324 1436 427 1489 Iunonis
442 1438 462 1487 si
478 1456 527 1489 non
543 1438 590 1505 jam
606 1455 681 1507 gener
697 1439 739 1489 ilie
756 1438 831 1488 soret,

288 1508 388 1577 Quique
405 1512 472 1561 dedit
488 1510 558 1561 Latio
575 1528 672 1563 carmen
687 1512 770 1579 regale
786 1510 913 1568 Severusr

246 1598 279 1635 ιο
326 1582 358 1633 Et
375 1600 428 1633 cum
446 1584 523 1635 subtili
540 1582 633 1634 Priscus
650 1597 753 1649 uterque
770 1583 859 1633 Numi.

289 1653 387 1721 Quique
398 1658 439 1707 vei
449 1658 577 1723 imparibus
587 1657 692 1707 numeris
702 1689 710 1716 ,
721 1656 840 1707 Montane
850 1690 859 1714 ,
870 1654 911 1706 vel
922 1656 1004 1723 aequis

324 1727 418 1777 Sufficis
431 1746 440 1787 3
457 1730 482 1779 bt
496 1729 594 1797 gemino
608 1730 713 1779 carmine
728 1746 817 1778 nomen
826 1729 916 1778 habes.

286 1797 317 1848 Et
332 1800 372 1863 qui
388 1799 517 1865 Penelopae
531 1800 665 1850 rescribere
680 1799 751 1864 jussit
767 1800 886 1867 Ulyffen,

323 1871 447 1921 Errantem
465 1872 529 1922 sevo
545 1888 588 1936 per
605 1872 654 1922 duo
669 1872 738 1922 lustra
755 1874 835 1930 mari;

245 1959 275 2008 15
289 1942 387 2010 Quique
404 1945 467 1996 suam
484 1944 624 2004 Troezena,
641 1945 855 2011 impersesiumque
870 1944 961 1995 dierum

323 2017 439 2067 Deseruit
455 2019 530 2068 celeri
546 2032 624 2069 morte
641 2018 742 2069 Sabinus
759 2034 832 2084 opus·

287 2088 428 2157 ingeniique
443 2090 477 2141 sui
495 2090 569 2141 didus
586 2091 731 2159 cognomine
748 2090 859 2157 Largius,

326 2160 421 2213 Gallica
438 2164 478 2229 qui
495 2162 625 2231 Phrygium
642 2163 709 2211 duxit
725 2162 751 2212 in
768 2180 825 2213 arva
840 2162 931 2213 senem.

261 2231 358 2299 Quique
370 2236 557 2297 canit'domitam
568 2236 710 2285 Camerinus
721 2236 750 2284 ab
760 2234 871 2286 Hercule
877 2233 981 2301 Trojarn
992 2252 999 2287 ε

243 2320 277 2357 20
326 2307 424 2373 Quique
442 2308 482 2361 sui
496 2298 585 2357 nomed
603 2306 713 2375 Phyllide
730 2307 824 2361 Tuscus
839 2308 923 2359 habet.

286 2380 441 2447 Velivolique
456 2382 525 2431 maris
543 2392 632 2438 vates,
651 2380 689 2430 cui
706 2383 806 2431 credere
822 2381 903 2447 possis

323 2450 432 2501 Carmina
451 2454 567 2503 caeruleos
585 2452 740 2517 composuisse
758 2453 838 2504 Deos.

287 2522 384 2590 Quique
401 2524 464 2576 acies
479 2524 601 2591 Libycas,
618 2523 774 2592 Romanaque
791 2526 896 2592 praelia,
916 2525 999 2585 dixit;
1077 2587 1078 2592 ¹

323 2598 353 2645 Et
370 2596 481 2655 Marius,
500 2597 580 2663 scripti
598 2597 684 2647 dexter
699 2598 724 2647 in
742 2616 812 2649 omne
827 2616 913 2666 genus.
1077 2599 1078 2612 ¹

243 2682 274 2729 25
288 2668 474 2735 Trinacriusque
490 2670 536 2719 suae
552 2668 681 2719 Perseidos
697 2670 797 2729 ausior,
815 2672 841 2722 δι
857 2670 940 2721 ausior
1075 2637 1077 2722 i

322 2741 457 2791 Tantalidae
472 2741 588 2800 reducis,
607 2742 827 2809 Tyndaridosque,
843 2742 938 2809 lupus.
1074 2733 1076 2834 A

286 2812 318 2863 Et
332 2815 372 2880 qui
387 2814 516 2865 Meoniam
532 2813 658 2863 Phaeacida
675 2814 767 2873 vertit,
790 2816 815 2866 δι
832 2820 879 2865 una

324 2885 455 2937 Pindaricae
471 2886 558 2938 fidicen
574 2898 602 2937 tu
617 2903 734 2952 quoqne,
752 2888 835 2948 Rufe,
851 2891 922 2955 lyrae.

286 2958 403 3027 Musaque
418 2960 541 3019 Turrani,
558 2960 655 3027 tragicis
672 2960 751 3010 innixa
768 2962 913 3019 cothurnis,

243 3042 275 3092 30
326 3032 356 3083 Et
374 3046 414 3085 tua
431 3050 484 3083 cum
503 3033 574 3085 socco
588 3032 676 3093 Musa,
691 3032 805 3095 Melisse,
822 3034 893 3085 levis.
