2367 3942
307 444 382 517 232
432 418 474 489 P.
501 423 695 494 Omni}
722 426 952 496 Nasonis

305 546 363 594 Non
372 543 445 611 igitur
454 543 499 594 tibi
509 560 593 602 nune,
608 545 672 610 quod
683 560 722 594 me
733 544 816 595 dornus
827 544 868 594 iiia
878 547 989 614 recepit,

263 625 266 630 '
342 617 391 665 Sed
405 614 471 682 priris
485 617 577 666 autiori
590 616 644 666 sunt
659 617 713 667 data
727 618 801 667 verba
815 630 869 667 tuo.

262 703 275 754 3
280 708 295 755 5
305 690 359 740 Nec
368 690 423 738 data
432 689 559 747 sunt,rnihi
566 689 786 750 crede,tamen:ied
793 690 818 740 in
827 691 938 741 omnibus
947 692 1014 746 afris,

342 762 433 812 Ultima
447 763 468 813 si
483 763 583 821 denras,
599 765 650 813 vita
663 762 753 812 tuenda
768 779 821 812 moa
835 763 877 814 est.

305 833 375 886 Hanc
384 851 497 902 quoque,
508 835 555 901 qui
563 836 638 900 perii,
652 837 745 901 culpam
754 835 830 888 scelus
840 835 887 886 eise
897 837 996 902 negabis
1006 870 1013 893 ,

341 907 367 958 si
381 909 442 958 tanti
457 907 529 958 series
543 908 575 958 sit
590 909 634 958 tibi
648 921 706 958 nota
722 908 786 958 mali.

303 978 356 1030 Aut
371 981 462 1039 timor,
477 993 519 1031 aut
535 997 604 1030 error
618 981 706 1038 nobis,
724 980 789 1046 priris
804 979 884 1030 obfuit
898 997 976 1032 error.
1008 1009 1012 1018 ·

258 1066 295 1113 40
341 1053 382 1103 Ah
394 1052 401 1102 ἔ
414 1054 467 1102 sine
481 1069 520 1102 nse
534 1053 578 1103 fati
591 1069 640 1102 non
655 1051 783 1102 meminiiie
798 1052 865 1102 mei!

302 1125 374 1176 Neve
391 1125 542 1176 tetraiiando
557 1125 664 1174 nondum
679 1127 792 1176 co'e'untia
808 1142 916 1191 rumpam

339 1199 468 1257 Vulnera,
482 1198 524 1248 vix
537 1199 585 1247 iilis
600 1197 709 1264 proderit
724 1198 771 1264 ipsa
787 1198 866 1264 quies.

302 1269 369 1337 Ergo
382 1283 409 1320 ut
423 1269 477 1337 jure
492 1271 574 1322 damus
589 1287 673 1335 poenas
688 1303 695 1329 ,
713 1273 748 1321 sic
763 1271 840 1320 abfuit
855 1286 928 1321 omne

339 1342 444 1394 Peccato
459 1343 551 1394 facinus
567 1344 743 1409 consiliumque
758 1359 824 1394 meo.

257 1428 291 1477 45
304 1414 381 1482 quue
392 1416 461 1466 Deus
471 1415 542 1466 sentit
553 1433 561 1466 ι
572 1433 618 1481 pro
630 1433 735 1482 quonec
746 1418 827 1466 lumen
836 1415 959 1466 ademtum
970 1415 1011 1474 et,

340 1489 394 1538 Nec
410 1489 468 1538 inihi
484 1489 602 1540 detrastas
618 1490 726 1554 possidet
742 1489 803 1538 alter
818 1505 889 1553 opes.

301 1559 415 1610 forsitan
428 1562 490 1612 hanc
506 1561 598 1628 ipsam,
616 1563 684 1614 vivat
698 1563 771 1612 modo
783 1560 789 1610 Ξ
802 1558 870 1610 finiet
888 1561 966 1621 olim,

337 1634 463 1700 Tempore
478 1632 532 1684 crim
548 1634 624 1684 fuerit
639 1635 716 1685 lenior
733 1635 786 1692 ira,
805 1633 894 1700 fugam.

300 1706 373 1755 Nunc
388 1722 477 1770 precor
492 1706 548 1756 hinc
562 1704 611 1756 alit
627 1707 711 1772 jubeat
727 1705 871 1764 discedere3
889 1705 910 1756 si
926 1721 978 1756 non

259 1787 291 1834 50
339 1777 425 1826 Nossra
441 1778 582 1829 verecundo
599 1790 657 1829 vota
674 1780 766 1844 pudore
784 1791 878 1830 carent.

300 1848 388 1898 Mitius
401 1849 530 1906 exsilium,
545 1850 667 1915 pauloque
682 1852 859 1917 propinquius,
876 1864 959 1918 opto;

334 1919 434 1988 Quique
447 1921 479 1974 ait
494 1939 508 1972 a
524 1920 587 1972 saero
604 1919 699 1990 iungitis
714 1923 800 1982 hoste,
817 1926 909 1974 locum.
943 1920 948 1930 '

300 1992 446 2060 Quantaque
455 1993 487 2044 in
501 1994 612 2063 Augusto
626 1996 774 2056 clementia,
792 1996 812 2048 si
829 1997 881 2063 quis
898 1999 928 2048 ab
944 1997 987 2046 illo

337 2067 394 2117 Hoc
408 2080 506 2133 peteret
520 2085 565 2134 pro
579 2085 638 2128 me,
658 2070 759 2120 forsitan
775 2071 817 2120 ille
835 2070 913 2122 daret.

258 2154 289 2201 55
302 2140 398 2208 frigida
413 2157 452 2192 nte
469 2141 587 2192 cohibent
603 2142 690 2192 Euxini
704 2143 775 2192 litora
791 2142 882 2194 Pontia

335 2213 424 2264 Diuus
438 2214 584 2280 abantiquis
599 2213 700 2264 Axenus
715 2215 757 2264 ille
773 2215 829 2265 fuit.

298 2286 363 2335 Nam
378 2300 459 2352 neque
473 2284 590 2350 jatiaatur
606 2286 736 2341 moderatis
752 2305 850 2354 aequora
864 2286 968 2338 ventis:

336 2359 391 2407 Nec
407 2357 515 2423 placidos
529 2369 615 2422 portus
630 2359 724 2424 hospita
740 2361 806 2412 navis
820 2361 877 2410 adit.

297 2429 360 2479 Sunt
370 2429 434 2480 circa
445 2441 545 2495 gentes,
559 2447 613 2495 quae
623 2431 726 2494 praedam
736 2433 846 2499 sanguine
858 2444 970 2496 quaerant
981 2448 991 2484 t

212 2533 218 2548 .
253 2498 289 2551 60
338 2502 393 2550 Nec
408 2500 486 2550 minus
502 2499 575 2549 infida
589 2513 655 2552 terra
668 2504 767 2554 timetur
783 2503 853 2568 aqut.

297 2573 354 2631 Illi,
370 2587 433 2638 quos
447 2572 516 2622 audis
530 2573 655 2625 hominurn
669 2577 773 2642 gaudere
792 2590 898 2631 cruore,

334 2645 406 2694 Paene
421 2645 463 2694 sub
478 2644 589 2711 ejusdem
603 2648 690 2700 sideris
705 2665 749 2698 axe
765 2647 855 2710 jacent.

295 2718 351 2768 Nec
365 2717 480 2782 procula
497 2721 567 2770 nobis
581 2721 650 2772 locus
668 2721 701 2771 est
713 2755 722 2778 „
739 2720 779 2768 uhi
794 2719 898 2770 Taurica
914 2719 965 2772 dira

334 2789 407 2839 (Iade
422 2789 567 2856 pharetrate
581 2794 684 2860 pascitur
700 2809 739 2842 ara
754 2792 826 2842 Deae.

253 2861 268 2912 6
271 2877 285 2926 5
299 2861 360 2914 Haec
369 2860 434 2930 priris
445 2897 453 2921 ‚
471 2875 498 2913 ut
508 2876 642 2915 memorant
652 2897 660 2922 ,
672 2881 721 2914 non
731 2863 846 2916 invidiosa
857 2865 965 2916 nefandis
977 2895 985 2924 2

331 2936 387 2986 Nec
403 2936 521 3003 cupienda
535 2937 624 2995 bonis,
641 2953 716 3004 regna
730 2937 848 2989 Thoantis
864 2951 944 2991 erant.

296 3006 345 3060 Hic
360 3026 407 3075 pto
424 3009 544 3074 suppositi
560 3011 630 3077 virgo
647 3009 764 3077 Pelopeia
781 3012 854 3063 cervi

332 3081 406 3134 Sacra
421 3082 483 3135 Deae
499 3083 575 3136 coluit
589 3083 773 3154 qualiacumque
789 3086 846 3138 suae.
864 3143 868 3150 ‚
