2367 3942
292 480 364 550 126
398 478 922 549 P.0r11211NAsomt

224 611 274 663 455
287 596 348 647 inde
365 595 461 646 domum
478 595 583 646 redeunt
598 596 639 645 sub
655 593 731 661 prima
747 597 886 662 crepuscula
903 598 999 660 tnaesti5

323 670 406 736 thue
424 681 498 727 erat,
516 671 541 719 in
556 670 618 719 duro
635 669 786 735 procubuere
801 681 868 719 toro.

286 740 378 794 Umbra
393 754 494 793 cruenta
508 742 579 792 Remi
596 742 643 793 vise
660 740 693 791 est
706 741 814 793 assistere
828 743 912 805 ledo,

321 815 403 882 Atque
419 817 470 865 haec
487 816 577 883 exiguo
592 830 713 863 murmure
729 815 803 864 verba
817 817 894 884 loqui.

284 888 321 939 En
338 905 385 957 ego
402 888 523 939 dimidium
538 887 629 948 vestri,
648 904 751 953 parsque
768 887 862 949 altera,
881 889 958 943 voti:

223 958 276 1020 460
324 961 446 1022 Cernite,
464 963 507 1013 sim
522 962 598 1027 qualis
612 978 622 1018 ς
636 960 676 1026 qui
692 958 765 1010 modb
781 962 856 1027 qualis
870 954 956 1012 etein!

286 1032 354 1097 Qui,
367 1033 441 1085 modo
453 1035 474 1085 si
487 1037 600 1085 volucres
615 1032 742 1083 habuissem
754 1050 827 1101 regna
843 1034 975 1103 jubenteS,

321 1108 349 1156 in
366 1108 458 1173 populo
475 1108 545 1174 potui
559 1107 674 1157 maximus
689 1106 737 1156 eise
754 1122 828 1157 meo:

286 1180 358 1231 Nunc
373 1181 452 1246 elapsa
467 1182 520 1247 rogi
537 1180 638 1231 flammis
654 1179 680 1229 &
695 1180 772 1229 inanis
787 1180 878 1249 imago.

321 1253 382 1302 Haec
396 1253 430 1303 eii
446 1270 477 1303 ex
491 1254 532 1303 iilo
547 1254 624 1303 forma
639 1250 721 1302 reiit‘ta
736 1252 824 1302 Remo.

223 1323 273 1383 465
286 1326 345 1376 Heu
359 1325 365 1374 !
378 1327 419 1376 ubi
429 1326 498 1376 Mars
508 1338 577 1391 patet
587 1326 621 1377 est
631 1324 642 1374 i
657 1326 677 1375 ri
687 1342 731 1377 vos
742 1324 816 1377 modb
826 1342 884 1377 vera
894 1326 973 1379 locuti
984 1344 997 1389 3

320 1400 452 1466 Ubetaque
469 1399 587 1464 expositis
601 1400 643 1448 ille
661 1399 737 1448 ferina
754 1398 829 1449 dedit.

285 1468 366 1536 Quem
381 1474 437 1538 lupa
451 1472 573 1530 servavit,
589 1488 673 1521 manus
687 1473 752 1521 hunc
768 1472 895 1523 temeraria
909 1472 969 1524 civis

321 1543 439 1597 Perdidit.
457 1545 482 1595 0
496 1544 502 1595 !
515 1540 608 1613 'quantb
624 1546 704 1595 mitior
718 1545 758 1594 ilia
772 1544 817 1594 fuit
831 1542 837 1594 !

231 1642 234 1647 ·
284 1616 354 1669 Save
365 1619 440 1670 Celer
450 1651 460 1675 ‚
475 1620 599 1670 crudelem
609 1620 711 1670 animam
721 1635 765 1684 per
774 1616 875 1668 vulnera
884 1618 971 1670 reddas
984 1652 995 1681 ,

221 1703 276 1750 470
322 1690 406 1756 thue
419 1706 486 1758 ego,
505 1692 549 1741 sub
564 1704 643 1742 tetras
655 1691 851 1758 sanguinolentus
867 1707 919 1744 eas.

283 1762 369 1811 Noluit
382 1762 431 1812 hoc
445 1762 521 1812 irater
536 1764 636 1828 τρίετες
651 1764 748 1829 aequalis
763 1765 788 1813 in
803 1764 847 1813 illo
861 1764 906 1815 est.

319 1833 394 1897 Quod
409 1834 511 1899 potuit,
526 1835 644 1902 lacrymas
659 1835 684 1883 in
701 1852 754 1883 mea
768 1836 817 1884 fata
833 1836 910 1887 dedit.

282 1904 354 1955 Hunc
365 1922 410 1956 vos
420 1908 591 1976 perlacrymas
603 1941 610 1966 ,
623 1923 667 1973 per
678 1906 753 1956 vestra
764 1907 876 1958 alimenta
887 1922 993 1979 rogate,

318 1980 355 2030 Ut
371 1981 492 2030 celebrem
507 1980 568 2031 festo
584 1982 664 2049 signet
680 1981 775 2031 honore
792 1980 866 2031 diem.

220 2066 271 2115 475
285 2052 442 2104 Mandantem
453 2054 562 2121 ampleiii
574 2056 691 2121 cupiunt,
711 2053 737 2104 bt
749 2054 845 2103 brachie
858 2055 975 2109 tendunt.

318 2126 422 2178 Lubrica
434 2127 574 2193 prensantes
589 2128 674 2197 effugit
690 2129 773 2178 umbra
789 2144 882 2182 manum

285 2200 321 2249 Ut
335 2199 416 2251 secum
430 2201 524 2268 fugient
533 2202 634 2252 *somnos
649 2202 748 2251 abduxit
761 2201 863 2269 imago,
879 2204 880 2209 ’

195 2266 199 2273 ’
320 2272 359 2322 Ad
375 2290 458 2341 regem
472 2290 548 2325 voces
564 2274 644 2325 fratris
656 2287 759 2341 uterque
774 2274 864 2325 ferunt.

283 2344 400 2397 Romulus
416 2346 572 2413 obsequitur,
588 2349 716 2413 lucemque
731 2346 844 2395 Remuria
859 2344 920 2399 dixit

221 2414 274 2476 480
323 2419 409 2477 Illam,
426 2418 472 2486 qui
485 2420 571 2487 positis
586 2419 646 2485 justa
661 2420 771 2470 feruntur
784 2419 845 2468 avis.

284 2489 375 2555 Aspera
388 2503 478 2543 mutata
492 2492 563 2543 estin
577 2494 657 2542 lenem
671 2504 781 2557 tempore
798 2491 872 2557 longo

320 2563 420 2625 Litera,
436 2582 491 2632 quae
506 2577 563 2615 toto
575 2565 672 2615 nomine
688 2563 762 2630 prima
776 2562 831 2612 fuit.

283 2633 347 2685 Mox
363 2638 434 2686 etiam
449 2638 566 2689 Lemures
581 2638 669 2687 animes
686 2636 768 2685 dixere
782 2633 906 2688 silentum·

320 2708 345 2757 Is
359 2710 427 2759 verbi
444 2710 542 2770 sensus,
558 2711 596 2761 vis
611 2728 639 2761 ea
653 2708 722 2757 vocis
739 2719 799 2758 erat.

221 2778 273 2842 485
287 2779 351 2830 Fana
366 2793 447 2833 tamen
462 2795 560 2835 veteres
572 2784 620 2833 iliis
639 2781 744 2832 clausere
761 2780 865 2839 diebus,

320 2854 356 2903 Ut
369 2872 433 2905 nunc
449 2855 519 2905 ferali
534 2868 645 2921 tempore
660 2865 744 2919 operta
759 2854 839 2905 videt.

264 2960 267 2967 -
283 2926 337 2976 Nec
350 2927 429 2985 vidue
444 2929 513 2980 taedit
528 2930 631 2987 eadem,
645 2942 691 2976 nec
707 2926 803 2993 virginis
819 2939 874 2993 apta

320 3001 444 3067 Tempore
457 3018 465 3054 ι
477 3011 531 3069 quae
544 3001 644 3067 nupsit,
661 3014 711 3049 non
725 3000 836 3051 diuturna
851 2998 907 3051 fuit.

284 3070 338 3121 Hac
351 3090 448 3141 quoque
463 3075 493 3124 de
507 3072 596 3133 causi,
614 3074 634 3123 si
650 3084 676 3123 te
689 3074 816 3139 proverbia
830 3082 951 3140 tangunt,

219 3152 272 3204 490
319 3144 406 3201 Mense
421 3148 494 3201 melas
510 3145 580 3218 Maio
595 3147 686 3199 nubere
702 3148 790 3217 vulgus
804 3146 847 3198 ait.
