2367 3942
381 397 430 469 68
481 400 523 464 P.
549 396 742 465 Ονιυιι
766 392 988 465 Nasonis

381 516 491 580 Quaque
509 514 550 567 diu
565 513 655 572 latuit,
674 530 739 565 nunc
753 514 778 563 se
794 518 841 580 qul
856 516 925 565 tollet
939 515 963 565 in
977 534 1006 567 au

321 602 372 649 240
419 588 516 637 Fertilis
532 589 642 637 occultas
658 587 751 637 invenit
765 588 839 637 herba
855 586 915 638 vias.

381 660 452 711 Nunc
468 660 585 711 fecundus
598 676 658 728 aget
668 676 677 710 r
688 660 786 725 pecoris
800 676 865 709 nunc
878 661 936 710 hora
949 678 1006 711 crea,

418 734 490 783 Nunc
504 735 555 785 avis
571 734 596 783 in
613 750 679 783 ramo
693 733 758 782 teila
773 734 896 798 laremque
911 750 986 799 parat.

380 806 504 871 Tempora
519 806 572 871 jure
588 809 673 856 colunt
688 806 764 857 Latia
778 806 881 855 fecunda
894 820 1005 872 parentes

419 879 527 944 Quarum
544 880 652 930 militiam
664 892 771 944 votoque
787 891 871 944 patrus
885 881 967 931 habet.

323 966 371 1014 ²⁴5
383 952 456 1001 Adde
467 986 477 1011 ,
488 954 558 1019 ‘quod
572 953 688 1004 excubias
702 952 754 1018 regi
768 951 891 1001 Romanus
906 956 1007 1019 agebat.

419 1025 475 1090 Qui
490 1042 554 1077 nunc
568 1026 683 1091 Esquilias
696 1020 794 1075 nomina
808 1026 878 1075 collis
889 1026 973 1077 habet.

382 1099 435 1150 Illic
450 1116 463 1148 2
480 1100 576 1149 nuribus
592 1099 607 1150 J
610 1098 684 1148 unoni
698 1098 790 1164 templa
804 1096 895 1149 Latinis

418 1171 471 1223 Hac
487 1172 559 1231 sunt,
577 1171 729 1229 timemini,
744 1171 839 1236 publica
855 1171 916 1221 falla
930 1171 983 1222 die.

382 1244 449 1309 Quid
463 1261 565 1305 moror,
583 1246 609 1296 δι
624 1245 697 1295 variis
711 1260 790 1294 onero
803 1255 847 1293 tua
860 1245 959 1311 pellona
973 1262 1007 1295 cat

320 1332 372 1380 2ςο
421 1319 516 1369 Eminet
531 1332 586 1369 ante
603 1320 709 1375 oculos,
728 1316 794 1383 quoti
807 1318 890 1384 petis,
907 1335 968 1368 ecce
981 1333 1007 1369 tu

380 1390 464 1442 Mater
477 1404 540 1443 amet
551 1406 639 1458 nuptas
650 1408 659 1442 t
670 1391 758 1441 Matris
770 1408 808 1441 me
820 1393 891 1441 turba
904 1392 1007 1457 frequen

418 1465 479 1516 Haec
493 1484 538 1517 nos
550 1464 672 1533 precipui
686 1477 736 1514 tam
751 1465 790 1532 pia
805 1464 873 1515 eausa
888 1464 972 1515 deret.

381 1538 453 1589 Ferre
466 1541 529 1591 Deae
545 1542 619 1591 flores
630 1558 638 1591 t
650 1541 740 1607 gaudet
753 1539 896 1589 florentibus
910 1538 995 1587 herbis

417 1612 477 1661 Haec
494 1614 550 1661 Dea
563 1629 570 1664 ε
584 1615 614 1662 de
631 1626 719 1673 tenero
735 1613 825 1678 cingite
839 1612 901 1662 flore
916 1623 1005 1675 caput.

320 1696 371 1745 255
384 1682 487 1740 Dicite.
506 1686 545 1733 Tu
561 1686 641 1733 lucem
654 1685 742 1740 nobis,
756 1684 867 1741 Lucina,
882 1683 980 1733 deditii.

417 1755 501 1805 Dicite
513 1789 521 1810 ‚
536 1757 576 1805 Tu
590 1770 650 1805 voto
665 1755 821 1819 parturientis
835 1757 903 1807 ades.

380 1828 406 1879 si
421 1846 466 1894 qua
481 1840 560 1878 tamen
574 1828 671 1897 gravida
685 1826 736 1883 est,
751 1827 860 1878 resoluto
874 1829 942 1879 crine
958 1848 1006 1896 pre

313 1952 316 1955 .
417 1902 452 1951 Ut
470 1901 546 1951 solvat
560 1912 643 1965 partus
659 1900 766 1951 molliter
778 1901 821 1951 ille
837 1902 903 1951 suos.

372 1973 479 2039 QUIS
493 1974 550 2025 mihi
564 1992 629 2023 nunc
646 1974 730 2034 dicat,
749 1992 823 2042 quare
840 1974 947 2027 coelestia
961 1976 1005 2025 Ma

318 2043 370 2097 260
417 2048 490 2099 Arma
505 2049 584 2099 ferant
599 2048 675 2108 Salii,
690 2049 886 2117 Mamuriumque
901 2062 990 2101 canant

380 2122 511 2189 Nympha,
524 2140 615 2182 morte,
631 2124 724 2184 nemori
735 2123 864 2191 stagnoque
875 2135 979 2188 operata
991 2121 1006 2169 1

393 2252 397 2258 Ι
416 2195 528 2261 Nympha
540 2228 548 2253 ,
566 2198 652 2244 Numae
666 2194 775 2258 conjux,
793 2196 824 2243 ati
837 2206 880 2245 tua
895 2194 956 2242 fella
970 2210 1002 2243 ve

379 2267 457 2317 Vallis
474 2268 579 2317 Aricina
596 2266 657 2317 silvi
671 2266 811 2331 praecinkius
828 2265 905 2330 opaci

415 2339 454 2389 Eli
468 2341 555 2398 lacus,
572 2338 669 2405 antiqui
683 2339 810 2406 relligione
824 2337 901 2386 sacer.

319 2409 368 2473 265
382 2410 430 2461 Hic
446 2414 506 2464 latet
523 2414 693 2479 Hippolytus,
708 2412 776 2461 iuriis
791 2411 899 2474 direptus
915 2418 1005 2469 equom

415 2484 486 2534 Unde
501 2502 584 2535 nemus
599 2484 671 2533 nullis
685 2483 745 2531 iilud
758 2483 832 2531 initur
846 2478 925 2543 equis·

378 2557 444 2608 Liria
461 2557 619 2623 dependent,
635 2558 720 2622 longas
736 2553 839 2603 velantia
856 2551 946 2615 sepes,

414 2630 446 2679 Et
460 2629 540 2695 posita
556 2628 590 2679 eli
605 2628 696 2679 metita
711 2626 786 2676 multa
802 2625 892 2674 tubello
908 2622 985 2671 Deae.

378 2701 448 2767 Saepe
464 2712 552 2767 potens
566 2702 637 2759 voti,
654 2701 761 2750 frontem
776 2696 885 2750 redimita
903 2695 1004 2745 coronis

316 2788 368 2838 270
417 2774 512 2825 Femina
527 2775 638 2823 lucentes
652 2784 734 2838 portat
750 2773 780 2820 ab
795 2770 862 2821 Urbe
880 2770 960 2821 faces.

377 2846 463 2915 Regno
473 2858 558 2897 tenent
568 2846 694 2911 fortesque
703 2859 774 2893 manu
784 2875 792 2900 ‚
810 2842 962 2910 pedibusque
975 2843 1001 2892 fn

415 2921 446 2969 Et
463 2919 525 2986 perit
540 2921 652 2985 exemplo
667 2915 792 2982 postmodo
807 2917 911 2984 quisque
930 2917 987 2969 suo.

379 2993 473 3043 Deiluit
488 2993 582 3042 incerto
599 2989 718 3058 lapidosus
734 3006 856 3043 murmure
869 2992 956 3048 rivust

413 3066 501 3136 Sapo,
518 3066 558 3118 sed
572 3064 665 3137 exiguis
680 3064 816 3129 haustibus,
832 3066 889 3121 inde
904 3065 987 3119 bibes.
