2367 3942
289 480 362 531 110
393 460 444 526 ·P.
476 458 673 526 omri
696 447 945 528 'Nasonis'

285 579 424 643 Osculaque
439 576 555 643 applicuit
571 576 652 659 posito
671 574 779 641 suprema
795 576 909 639 seretr'o;
997 569 1001 611 .'

322 653 403 719 Atque
420 652 473 710 aits
492 651 573 700 lnvito
589 649 665 699 frater
680 650 792 708 ademte,
812 654 876 700 vale.

284 723 434 790 Atsurdsque
452 737 517 773 artus
535 723 623 773 unxit:
638 722 739 780 fecere,
761 723 825 789 quod
843 727 903 785 ille,
996 746 1000 757 ¹

321 798 463 857 Faustulus,
481 798 506 848 δι
523 794 614 847 maellas
629 796 695 845 Atca
712 796 787 846 soluta
804 814 896 849 comas.

223 870 253 933 85
260 885 272 933 5
285 870 349 921 Tum
365 870 479 935 juvenem
495 872 602 919 nondum
620 868 675 919 faui
688 868 779 919 llevere
792 868 912 933 Quirites.

321 944 413 995 Ultima
430 947 526 1011 plorato
542 942 635 994 subdita
651 940 744 991 llamma
760 959 831 1010 rogo.

284 1018 349 1069 Urbs
366 1018 442 1067 oritur
454 1016 465 1081 (
476 1018 527 1083 quis
542 1030 601 1067 tunc
616 1018 665 1065 hoc
678 1016 721 1065 ulli
737 1017 839 1066 credere
854 1016 951 1084 posset?
966 1021 976 1086 )

320 1091 445 1143 Vidiorem
462 1091 532 1140 terris
548 1090 691 1156 impositura
707 1088 803 1154 pedem.

287 1162 379 1215 Cunsla
395 1179 482 1232 regas.
501 1163 526 1214 δι
543 1164 575 1213 sis
591 1178 679 1229 magno
695 1162 735 1211 sub
752 1161 846 1213 Caesare
864 1164 956 1232 semper
970 1183 978 1223 3

224 1234 275 1287 860
324 1239 392 1304 Saepe
407 1238 478 1287 etiam
492 1236 573 1303 plures
590 1236 693 1285 nominis
709 1234 780 1300 hujus
796 1236 868 1286 habe.
910 1238 915 1267 l

285 1310 317 1360 Et
334 1312 430 1377 quoties
445 1310 537 1360 steteris
555 1308 647 1360 domito
661 1309 766 1358 sublimis
779 1308 803 1358 in
817 1312 895 1370 orbe,
936 1370 938 1375 ,
995 1334 998 1341 ·

322 1385 409 1435 Omnia
424 1385 472 1435 sint
485 1384 592 1433 humeris
610 1382 724 1433 inferiora
739 1383 796 1432 tuis.
994 1442 1001 1451 ·

290 1457 424 1509 DICTA
440 1452 509 1508 Pales
525 1455 594 1508 nobis
608 1448 693 1513 :ideni
707 1456 803 1511 Vinalia
812 1456 905 1505 dicam.

323 1533 378 1583 Una
395 1544 476 1582 tamen
492 1532 571 1581 media
587 1530 621 1580 est
638 1532 701 1581 inter
716 1544 840 1597 utramque
856 1530 916 1580 dies.

225 1601 273 1665 865
286 1605 391 1655 Numina
403 1608 516 1673 vulgares
530 1605 637 1657 Veneris
655 1606 776 1655 celebrate
792 1604 888 1668 puellae.

323 1678 403 1727 Multa
417 1676 571 1743 professarum
588 1677 714 1743 quaellibus
730 1689 785 1741 apta
800 1676 897 1726 Venus.
996 1734 1000 1741 Ι

287 1747 382 1799 Poscite
398 1763 452 1799 rure
470 1750 528 1797 dato
543 1750 663 1806 formam,
684 1750 815 1815 populique
830 1749 960 1808 favorem3

323 1821 417 1870 Poscite
433 1821 579 1877 blanditias,
598 1820 716 1887 dignaque
730 1823 804 1869 verba
821 1820 894 1884 joco?

287 1892 398 1960 Cumque
414 1893 453 1943 sui
468 1894 570 1943 domine
585 1890 640 1942 date
657 1906 723 1963 grata
740 1892 862 1961 sisymbria
878 1906 979 1963 myrt0,

227 1963 278 2027 870
325 1966 453 2034 Terraque
470 1966 604 2034 compositi
621 1966 708 2033 juncea
724 1967 803 2017 vincla
819 1966 884 2017 rosi.

212 2073 216 2080 x
288 2038 391 2107 Templa
407 2042 556 2109 frequentari
571 2040 674 2092 Collinae
692 2042 802 2108 proxima
817 2052 896 2107 portae

322 2116 394 2166 Nunc
410 2116 482 2166 decet
496 2133 527 2166 :a
542 2116 625 2166 Siculo
641 2116 735 2167 nomina
752 2116 815 2165 colle
831 2126 926 2165 tenent.

287 2186 371 2254 thue
388 2190 515 2256 Syracusas
530 2190 688 2239 Arethusidas
704 2186 796 2238 abllulit
810 2188 880 2236 armis

326 2260 461 2319 Claudius.
479 2263 505 2311 ὃ(
519 2264 585 2310 bello
600 2274 625 2311 te
640 2274 737 2327 quoque
754 2260 819 2324 cepit
830 2258 945 2325 ‚·Eryx;
998 2318 1002 2325 Ι

226 2329 277 2395 875
292 2332 403 2385 Carmine
419 2335 509 2384 vivacis
524 2334 611 2385 Venus
627 2333 660 2382 eil
674 2328 783 2381 translata
799 2330 915 2397 sibylla,

326 2408 402 2473 Inque
419 2408 465 2456 suae
483 2407 558 2471 stirpis
575 2406 661 2457 maluit'
674 2406 733 2453 urbe
750 2404 807 2453 coli.

290 2476 342 2528 Cur
357 2480 430 2547 igitur
446 2477 550 2528 Veneris
566 2478 650 2528 sellum
666 2476 762 2527 Vinalia
780 2476 879 2535 dicant,

324 2552 458 2617 Quaeritis;
477 2552 502 2601 dt
518 2568 591 2617 quare
610 2550 642 2601 sit
659 2550 726 2603 lovis
741 2552 781 2601 illa
797 2548 871 2601 dies?

288 2624 404 2685 Turnus,
423 2643 452 2674 an
467 2622 557 2673 AEneas
571 2616 646 2675 Litiae
662 2640 737 2693 gener
751 2624 809 2676 esset
826 2626 918 2675 Amatae
931 2659 938 2683 ‚

227 2697 279 2749 880
326 2698 419 2747 Bellum
435 2710 496 2747 erat.
510 2698 642 2749 Hetruscas
654 2698 753 2749 Turnus
769 2698 869 2763 adoptat
883 2714 954 2764 opes.

290 2770 375 2821 Clarus
392 2782 465 2830 erat,
486 2772 614 2838 sumtisque
629 2774 699 2823 lerox
714 2772 854 2823 Mezentius
871 2772 963 2831 armis3

324 2846 355 2895 Et
370 2846 412 2894 vel
426 2862 490 2911 equo
505 2862 623 2913 magnus,
641 2848 681 2895 vel
696 2846 758 2911 pede
773 2844 850 2911 major
864 2857 925 2894 erat.

289 2918 370 2985 Quem
384 2918 470 2968 Rutuli
482 2918 629 2984 Turnusque
644 2918 690 2967 suis
706 2918 836 2968 adsciscere
851 2930 963 2976 tentant¹

325 2990 433 3042 Partibus
446 3010 453 3043 :
465 2994 518 3040 haec
532 3003 616 3041 contra
633 2991 680 3041 dux
694 2990 728 3040 ita
740 2989 833 3040 Tuscus
850 2993 892 3040 ait.

120 3100 127 3109 ·
228 3065 259 3116 83
265 3082 277 3130 5
291 3066 344 3117 Stat
361 3065 417 3115 mihi
433 3083 481 3114 non
498 3064 663 3130 parvo'virtus
678 3079 731 3114 mea
745 3067 864 3115 :vulnera
879 3062 970 3127 telles,

325 3139 465 3205 Armaque,
485 3155 537 3205 quae
553 3138 626 3205 sparsi
641 3138 752 3206 sanguine
769 3138 830 3205 saepe
847 3152 912 3188 meo.
