2367 3942
298 431 374 504 242
411 410 453 477 P.
480 407 676 478 orum
703 408 935 482 Nasouru

190 554 201 576 ι
249 536 284 599 85
297 533 322 584 si
336 544 420 580 tamen
433 527 552 578 exstitistis
565 527 675 592 aliquid,
690 527 737 578 nisi
750 529 863 588 nomina,
878 533 972 595 restat,

333 603 365 652 Et
381 602 476 670 gracilis
489 599 587 650 struiios
599 599 685 667 effugit
699 601 782 650 umbra
796 617 891 670 rogos;

296 678 385 734 Fama,
401 675 557 740 parentales,
568 673 590 723 si
603 689 648 723 vos
662 689 716 722 mea
730 675 851 742 contigit,
869 680 982 740 umbra,

334 749 367 798 Et
379 749 433 798 suut
447 748 472 797 in
485 746 572 814 Stygio
583 745 683 796 crimina
695 745 773 798 nostra
786 748 842 798 soro
852 763 864 807 3·

295 822 378 880 Scite,
388 837 496 888 precor,
506 819 614 878 causam,
625 835 728 870 necvos
741 820 895 874 mihisallere
911 825 1005 886 sasesi,

250 911 287 965 ρο
332 895 448 944 Errorem
463 891 548 959 jussae,
562 909 613 942 non
629 891 723 953 scelus,
739 892 787 944 ess'e
804 893 879 962 sugae.

293 967 409 1020 Manibus
423 965 518 1016 idfatis
531 964 590 1016 est.
604 965 709 1025 advos,
723 964 842 1024 studiosa,
859 984 987 1039 revertor,
1086 989 1087 996 ¹

330 1039 450 1096 Pectora,
465 1038 507 1123 qui
519 1038 577 1088 vitae
591 1038 698 1104 quaeritis
712 1039 763 1089 atie
779 1056 851 1092 meae

293 1113 345 1168 lam
362 1112 421 1162 mihi
434 1111 553 1170 canities.
565 1111 642 1178 pulsis
654 1111 792 1164 melioribus
809 1113 897 1175 aunis,

220 1243 223 1250 ¹
329 1187 461 1244 Venerat3
476 1185 586 1252 antiquas
602 1184 775 1251 miscueratque
790 1201 893 1246 comm

249 1275 282 1328 95
295 1258 400 1327 Postque
412 1275 482 1308 meos
495 1271 565 1308 ortus
579 1255 655 1308 Pisaet
669 1257 760 1308 vintrus
777 1258 842 1310 olivi

330 1332 467 1383 Abstulerat
480 1330 563 1380 decies
576 1331 674 1396 praemia
687 1330 764 1381 viiior
779 1347 854 1398 eques
865 1350 875 1390 ς

292 1403 357 1458 cum
370 1406 441 1456 maris
454 1403 543 1454 Euxini
556 1403 651 1469 positos
666 1403 697 1453 ad
711 1405 773 1454 larva
784 1403 897 1457 Tomitas

329 1478 449 1541 Quaerere
463 1493 502 1527 me
515 1477 566 1528 laesi
580 1475 719 1564 Priqcipis
712 1493 748 1526 rra
760 1475 840 1542 jubet.

292 1550 370 1602 Causa
382 1569 444 1601 meae
457 1550 588 1600 cuukiis
564 1548 662 1600 nimium
676 1565 773 1617 quoque
788 1561 848 1602 nota
863 1552 957 1615 ruinae,

231 1638 281 1676 100
329 1624 423 1674 indicio
438 1640 489 1674 nou
505 1623 540 1673 est
554 1621 702 1674 testificanda
718 1639 785 1674 meo.

263 1696 700 1764 Quidreseramcomitumquenesas,
711 1695 1004 1766 famulosquenocentesi

325 1769 381 1835 ipsit
394 1768 471 1817 multa
482 1767 528 1816 tuti
542 1784 594 1817 non
608 1768 702 1818 leviora
715 1768 783 1836 fugi.

290 1842 416 1908 Indignata
429 1838 498 1888 malis
512 1855 580 1890 mens
597 1837 631 1888 est
646 1839 828 1902 succumbere,
827 1832 868 1894 se
871 1861 916 1918 que

326 1911 436 1964 Praestitit
450 1911 562 1962 invium
575 1911 666 1962 vitibus
680 1912 721 1964 usa
737 1913 803 1965 suis:

230 2001 277 2051 105
291 1985 440 2053 Oblituaque
449 1997 537 2054 toga,
550 1985 675 2052 dubieque
690 2003 734 2054 pet
749 1987 800 2038 otia
815 1985 890 2048 vitae,
981 2014 984 2019 ·

326 2060 425 2110 Insoliti
436 2059 491 2126 cepi
504 2060 620 2126 temporis
634 2077 698 2110 arma
709 2077 791 2112 manu·
884 2112 887 2117 ,

287 2131 388 2200 Totque
404 2133 450 2182 tuli
463 2133 529 2183 terri
545 2133 612 2184 casus
630 2133 783 2199 pelagoque,
800 2145 862 2199 quot
875 2133 938 2184 inter

326 2206 461 2256 Occultum
474 2205 547 2254 stellae
562 2203 765 2270 conspicuumque
779 2207 872 2272 polum.

288 2278 366 2352 Tatta
378 2278 436 2328 mibi
451 2276 569 2334 tandem,
583 2277 663 2342 longis
678 2278 800 2328 erroribus
816 2279 889 2337 atio,

230 2366 282 2403 110
328 2350 412 2404 Junua
426 2349 572 2415 pharetratis
583 2349 696 2398 Sarmatis
713 2365 756 2399 ora
771 2350 852 2401 Getis.

289 2423 338 2475 Hic
353 2438 418 2489 ego,
431 2420 537 2470 finium·-
553 2420 660 2484 quamvis
677 2419 838 2474 circumsoner
853 2423 944 2482 armis,

324 2495 427 2548 Tristia,
443 2507 493 2557 quo
506 2489 616 2556 possum,
637 2491 741 2541 carmine
756 2491 805 2542 sata
819 2494 886 2543 levo

288 2567 379 2631 Quod,
393 2563 498 2630 quamvis
509 2578 581 2613 nemo
594 2561 643 2621 esi,
658 2561 727 2628 cujus
737 2563 856 2615 reseratur
867 2565 898 2616 ad
908 2585 1004 2632 autes.

323 2638 364 2688 Sic
378 2649 459 2688 tamen
471 2634 569 2685 absumo
583 2634 727 2702 decipioque
742 2636 815 2689 diem.

229 2727 276 2776 115
289 2710 375 2776 Ergo,
390 2708 455 2774 quod
470 2707 547 2767 vivo,
564 2707 675 2776 durisque
689 2709 809 2762 laboribus
825 2709 912 2773 obsto,

323 2783 377 2832 Nec
391 2797 430 2831 me
445 2780 545 2832 solicita
558 2781 631 2830 taedia
647 2781 707 2831 lucis
721 2781 831 2842 habent,

287 2853 389 2914 Gratia,
406 2853 493 2913 Musa,
511 2853 555 2903 tibi
570 2869 579 2904 z
595 2869 648 2903 nam
662 2866 690 2904 tu
704 2853 786 2906 solatia
800 2859 915 2924 ptaebes;

322 2929 362 2978 Tu
379 2945 444 2978 curae
458 2926 572 2993 requies,
588 2938 615 2977 tu
631 2928 748 2980 medicina
763 2931 838 2981 mali:
860 2975 863 2986 ,

285 3001 327 3052 Tu
341 3003 405 3059 dux,
419 3013 447 3050 tu
462 3016 545 3051 comes
556 3016 583 3050 es
598 3016 607 3050 t
624 3011 651 3050 tu
665 3018 710 3054 nos
725 3005 823 3054 abducis
836 3005 865 3054 ab
879 3003 957 3067 istro,

226 3087 276 3128 120
324 3075 354 3127 ln
366 3073 496 3143 medioque
511 3073 625 3130 mihidu
639 3073 760 3131 Helicone
777 3080 871 3130 locum
917 3119 918 3126 ,
955 3105 957 3110 ,
