2367 3942
379 426 621 501 lere.
815 447 892 521 379

182 544 266 612 thue
282 542 350 598 Iovis
364 542 450 621 [pilepri
464 544 579 610 templum
594 544 687 595 violare
700 557 832 610 perantes,

220 619 280 668 ntra
296 620 365 673 Noto
379 619 461 667 vultur
476 618 565 668 condat
579 634 653 670 arena
668 628 735 669 tuor.

181 690 264 757 thue
279 704 420 741 necatorum
436 690 513 741 Darei
527 690 613 741 fraude
628 690 746 749 secundi,
901 708 931 760 3¹
939 710 951 757 5

220 766 261 814 Sic
277 776 319 814 tua
336 763 459 815 subsidens
476 763 579 813 devoret
595 780 638 813 ora
655 764 726 814 einis.

182 836 251 895 Aut,
269 848 298 887 ur
314 836 425 887 oliviferi
440 836 560 904 quondam
577 836 684 904 Sicyone
698 836 803 905 fugato,

218 910 255 960 Sit
270 910 344 977 frigus
360 910 445 961 mortis
460 910 528 960 cruia
542 910 665 975 famesque
678 922 738 960 tuae.

180 981 252 1041 Aut,
267 995 295 1033 ut
311 983 454 1041 Atarnites,
473 983 563 1035 inlotus
578 984 644 1048 pelle
658 981 759 1048 juvenci

217 1056 333 1123 Turpiter
347 1056 377 1107 ud
394 1056 516 1111 dominum
531 1056 613 1123 praeda
629 1057 707 1106 ferare
721 1069 800 1110 tuum.
900 1071 952 1124 320

180 1128 256 1196 inque
271 1140 317 1179 tuo
331 1130 436 1179 thalamo
450 1130 499 1179 ritu
515 1130 627 1197 iugulere
641 1128 753 1183 Pheraeir

217 1202 267 1265 Qui
283 1202 351 1252 datus
367 1202 400 1252 est
413 1205 465 1254 leto
479 1201 590 1270 conjugis
605 1202 662 1253 ense
679 1201 736 1253 sue.

180 1274 299 1340 Quosque
313 1288 383 1342 putas
399 1274 480 1334 fidos,
498 1289 525 1324 ut
542 1274 666 1326 Leriffeus
681 1276 793 1336 Aleum,

215 1349 325 1399 Vulnere
342 1364 391 1398 non
407 1346 469 1399 lidos
485 1348 611 1414 experiare
627 1360 682 1399 tuo.

175 1418 263 1487 'thue
277 1420 375 1477 Milon,
395 1420 437 1471 sub
454 1438 502 1487 quo
517 1422 624 1471 cruciata
639 1421 673 1471 eil
686 1420 738 1473 Pisa
753 1433 877 1490 tyranno,
899 1435 948 1485 325

215 1492 294 1545 Vivus
310 1494 335 1544 in
349 1495 458 1545 occultas
472 1494 629 1559 preripiterir
643 1511 728 1560 aquas.

94 1574 95 1581 ¹
178 1564 291 1631 Quaeque
305 1566 330 1616 in
346 1566 518 1625 Adimantum,
535 1566 638 1617 thuana
651 1584 725 1634 regua
739 1577 886 1627 tenentem,

214 1637 254 1687 Ab
271 1637 334 1689 Jove
351 1652 490 1699 venerunt,
506 1651 533 1691 te
548 1656 646 1709 quoque
661 1643 713 1690 tele
727 1652 823 1705 petant.

175 1711 229 1762 Aut
245 1722 273 1759 ut
287 1710 435 1773 Amastrircie
451 1715 570 1779 quondam
588 1714 689 1766 Laneus
703 1715 734 1763 ab
750 1715 822 1772 oris,

213 1783 299 1833 Nudus
318 1783 426 1836 Achillea
443 1785 574 1836 destituaris
590 1788 673 1836 humo.
895 1800 908 1851 3
914 1801 947 1852 3ο

175 1855 260 1921 thue
274 1858 315 1907 rel
329 1858 476 1928 Eurydamas
491 1872 530 1909 ter
544 1860 635 1909 circum
650 1859 716 1911 busta
732 1857 854 1928 Thrasylli

211 1928 251 1979 Est
266 1929 380 1984 Larinate
396 1945 478 1997 raptus
493 1933 523 1980 ab
540 1932 608 1981 hoste
622 1934 694 1981 rotis.

174 2003 224 2058 Vel
241 2004 299 2071 qui,
316 2021 369 2070 quae
385 2005 464 2053 iuerat
479 2012 570 2051 tutatus
587 2003 674 2050 rnoenia
691 2004 769 2068 sepe,

114 2086 117 2091 '
212 2076 325 2143 Corpore
342 2076 447 2126 lustravit
464 2090 513 2124 nou
530 2074 643 2123 diuturna
656 2074 719 2124 suo:

174 2150 281 2215 thue,
298 2164 388 2199 novum
398 2147 463 2213 passi
475 2164 550 2214 genus
563 2146 759 2211 Hippomeneide
774 2164 853 2214 ptenae
865 2184 874 2209 ,
894 2163 944 2214 335

210 2222 313 2272 Traiiue
330 2223 354 2271 in
370 2220 450 2271 Auen
467 2221 543 2270 fertur
560 2220 654 2269 adulter
671 2220 763 2272 humor

174 2294 234 2353 Sic,
253 2294 357 2361 ubivita
371 2306 428 2345 tuoe
446 2292 519 2343 invisa
535 2293 661 2358 reliquerit
676 2305 762 2352 artus,

211 2368 312 2417 Ultores
324 2368 418 2432 rapiant
431 2380 502 2433 turpe
519 2366 623 2415 cadaver
637 2366 702 2432 equi.

172 2440 277 2493 Viscera
290 2441 325 2489 sic
341 2437 424 2506 aliquis
440 2440 551 2506 scopulus
566 2451 608 2489 tua
624 2437 701 2505 figat,
720 2451 749 2488 ut
763 2439 822 2489 olim

210 2512 269 2562 Fixa
286 2512 326 2563 sub
342 2513 454 2563 Euboico
471 2511 547 2577 Greja
564 2513 634 2563 fuere
649 2512 714 2561 sinu.
892 2525 944 2576 340

172 2584 257 2648 thue
272 2586 342 2636 ferox
356 2586 471 2651 periit&
489 2586 590 2635 fulmine
606 2585 633 2635 dt
648 2600 746 2651 equore
763 2598 867 2649 raptor,

212 2657 251 2705 Sic
265 2670 291 2707 te
308 2660 423 2709 mersuras
441 2656 540 2721 adjuvet
557 2657 620 2723 ignis
635 2673 717 2722 aquas.

172 2728 248 2780 Mens
263 2746 357 2798 quoque
373 2732 407 2782 sic
423 2731 499 2781 Funis
512 2746 601 2781 vecors
615 2730 740 2797 egitetur,
757 2741 785 2780 ut
801 2728 837 2779 illi

210 2800 291 2851 Unum
306 2805 345 2853 cui
359 2816 416 2855 toto
433 2819 536 2871 corpore
552 2806 640 2854 vulnus
656 2814 718 2853 erat.

172 2874 258 2940 thue
275 2875 417 2943 Dryantidae
434 2875 582 2943 Rhodopeia
596 2892 671 2942 regne
685 2872 780 2923 tenenti
790 2906 803 2932 ,
891 2886 941 2938 345

211 2949 238 2997 ln
257 2950 351 3015 gemino
368 2951 446 3017 dispar
462 2952 502 3001 eui
518 2950 586 3017 pede·
597 2950 677 2997 cultus
691 2956 753 2995 erat.
867 3012 870 3017 Ι

174 3020 209 3071 Ut
225 3020 271 3069 fuit
284 3020 362 3072 OEtaeo
379 3024 518 3089 quondam,
534 3036 675 3089 generoque
691 3019 845 3077 draconum,
897 3033 899 3038 ·

209 3092 374 3163 Tisamenique
389 3098 470 3164 patri,
486 3094 671 3161 Callirhoesque
686 3091 750 3143 viro.
