2367 3942
307 436 379 506 188
417 438 459 502 P.
488 435 685 505 Ονιυιι
713 436 945 507 NAsonrs
1019 402 1056 417 Ι·

303 555 344 605 Ne
353 554 450 602 timeam
460 565 547 620 gentes
557 586 566 611 ,
583 570 643 621 quas
653 570 703 603 non
717 556 780 604 bene
797 554 926 607 submovet
938 558 1018 619 Ister,

201 675 206 682 ,
338 626 410 675 Neve
424 638 482 676 tuus
496 626 586 692 possim
602 627 663 677 civis
676 629 706 676 ab
723 628 791 677 hosle
806 629 868 695 capi.
1014 674 1019 681 .

243 714 293 763 ²05
305 698 352 749 ras
362 700 476 765 prohibet
486 699 557 749 Latio
567 717 708 766 quemquam
719 701 750 749 de
762 701 875 769 sangiune
884 716 972 754 mamm
982 738 991 764 ,

340 771 472 822 Cesaribus
487 772 575 831 salvis,
590 774 689 825 barbara
705 774 785 823 vincla
799 776 858 840 pati.

304 843 458 895 Perdiderint
468 844 522 894 crim
535 862 575 895 me
585 847 635 895 duo
646 846 762 903 crimina,
779 864 877 897 carmen
888 849 916 901 ἃ
927 866 1018 909 error,

339 917 448 979 Alterius
461 918 518 970 sasli
532 919 603 983 eulpa
619 919 711 969 silenda
726 920 800 970 milri:

302 993 366 1041 Nam
375 1008 425 1041 non
435 992 485 1041 sum
493 991 570 1050 tanti,
579 1005 607 1041 ut
616 1008 732 1041 renovem
743 1004 784 1041 rua
794 994 911 1054 vulnera,
923 996 1015 1055 Caesar,
1090 1016 1092 1019 ¹

243 1077 294 1114 rso
341 1064 423 1129 Quem
436 1065 511 1114 nmio
524 1067 579 1131 plus
592 1064 627 1115 ess
641 1064 766 1115 indoluisse
782 1064 866 1118 semel·

303 1136 388 1187 Altera
402 1155 456 1203 pars
471 1137 595 1203 superesi,
613 1138 680 1205 qni,
695 1140 761 1205 turpi
777 1138 876 1190 crimine
889 1139 993 1201 tessus,

338 1210 437 1278 Arguor
452 1211 549 1260 obsceni
565 1210 651 1261 doslor
666 1210 787 1261 adulterii.
878 1237 883 1247 ·

301 1283 346 1333 Fas
362 1300 422 1351 ergo
437 1284 470 1333 esi
483 1285 562 1349 aliqui
577 1284 682 1335 coelestia·
697 1285 796 1349 peslora
810 1284 861 1335 falli
873 1302 884 1345 ς

337 1357 370 1406 Et
386 1357 439 1407 sunt
454 1357 541 1407 notitia
555 1359 631 1406 multa
647 1358 739 1407 minora
755 1358 807 1408 tui.

242 1438 292 1489 215
304 1425 389 1494 thue
402 1430 492 1489 Deos,
510 1431 645 1497 coelumqne
662 1431 733 1481 simul
748 1431 867 1491 sublime',
882 1433 968 1483 tuenti

337 1502 395 1551 Non
409 1516 480 1553 vacat
494 1503 587 1570 exiguis
604 1505 683 1553 rebus·
692 1502 770 1553 adesse
786 1504 800 1556 J
803 1505 842 1553 ovi
854 1520 863 1562 ;

301 1572 322 1623 A
338 1586 365 1623 te
378 1576 525 1640 pendentem
538 1578 573 1626 sic
588 1577 643 1626 dnm
660 1576 818 1642 circumspicis
832 1578 938 1638 orbem,

337 1646 459 1715 Effugiunt
474 1665 544 1700 curas
558 1650 673 1699 inferiora
686 1662 749 1700 tuas.

298 1717 399 1770 Scilicet
412 1721 525 1787 imperii,
544 1722 679 1787 Princeps,
698 1722 797 1772 statione
814 1722 895 1773 relisli
908 1756 918 1782 ,

244 1804 291 1838 220
339 1792 470 1857 lmparibus
487 1795 582 1861 legeres
600 1796 705 1845 carmina
720 1796 778 1845 sasla
796 1792 900 1845 modis?

299 1863 357 1913 Non
371 1881 400 1913 ea
414 1878 440 1915 te
454 1867 532 1915 moles
547 1866 652 1917 Romani
667 1869 769 1919 nominis
782 1880 873 1935 urget,

335 1937 410 2003 lnque
425 1939 472 1989 tuis
488 1940 594 1991 humeris
608 1954 658 1991 tam
672 1943 728 1992 leve
742 1942 820 1991 sertus
832 1956 897 1991 onus
912 1956 923 1999 ς

298 2007 401 2061 Lusibus
417 2024 445 2062 ut
459 2013 537 2079 possis
550 2014 680 2065 advertere
695 2030 782 2064 numen
797 2014 906 2079 ineptis,

334 2082 497 2153 Excutiasque
514 2088 590 2137 oculis
610 2088 660 2137 otia
678 2087 755 2138 nostra
770 2086 828 2136 cuis.

237 2167 271 2200 22
276 2167 288 2216 5
301 2155 374 2207 Nunc
386 2152 429 2207 tibi
441 2158 563 2210 Pannonia
573 2160 626 2219 esl‚.
634 2176 697 2211 nunc
709 2160 786 2225 lllyris
798 2174 839 2207 ore
851 2158 970 2209 domanda
982 2174 990 2209 :
1075 2202 1079 2214 .

333 2229 443 2281 Rhaetica
453 2249 516 2281 nunc
527 2234 645 2298 praebent,
654 2231 805 2296 Thraciaque
816 2244 889 2285 arma,
897 2244 1011 2289 metum;

297 2300 370 2351 Nunc
382 2305 444 2368 petit
453 2304 581 2355 Armenius
592 2320 677 2371 pacem
689 2320 695 2355 :
708 2320 772 2353 nunc
783 2302 884 2371 porrigit
895 2318 966 2354 arcus

332 2372 432 2426 Parthus
447 2394 540 2443 eques,
559 2377 642 2428 timidi
655 2390 773 2444 captaque
788 2378 854 2445 signa
871 2392 951 2425 manu.

296 2446 367 2495 Nunc
381 2460 407 2497 te
424 2452 493 2513 prole
508 2451 549 2499 tub
565 2449 679 2514 juvenem
697 2450 826 2502 Germania
842 2450 931 2507 sentit,

235 2528 285 2579 230
332 2518 448 2593 bellaque
465 2538 510 2586 pro
526 2539 614 2589 magno
630 2523 724 2574 cesare
742 2524 821 2574 Caesar
838 2523 897 2572 obit.

294 2590 409 2656 Denique
416 2624 424 2649 ‚
432 2604 460 2641 ut
469 2595 494 2643 in
504 2607 588 2653 tanto,
599 2611 713 2663 quantum
725 2613 774 2647 non
785 2595 874 2646 exstitit
883 2610 1006 2661 umquam,

333 2662 463 2728 Corpore,
478 2683 533 2731 pars
549 2670 615 2717 nulla
631 2669 664 2717 est
680 2687 732 2735 quae
747 2671 813 2717 labet
827 2668 918 2731 imperii
931 2684 939 2724 ς

295 2735 360 2785 Urbs
378 2744 474 2802 quoque
491 2751 516 2788 te
535 2741 560 2789 δι
576 2741 657 2807 legum
671 2740 737 2789 lassat
753 2742 829 2789 tutela
844 2750 959 2800 tuarum,

332 2808 364 2858 Et
379 2826 491 2865 morum,
507 2811 598 2860 similes
616 2828 677 2877 quos
695 2810 824 2876 cupis-esse
841 2811 899 2860 tuis.
922 2814 926 2833 '¹

235 2892 248 2924 2
253 2889 284 2940 35
297 2880 351 2929 Nec
362 2882 406 2932 sibi
416 2881 577 2952 contingunt,
595 2900 648 2948 quae
660 2884 770 2950 gentibus
781 2884 829 2933 orie
840 2884 936 2949 prestas
947 2901 956 2943 ;

330 2953 445 3023 bellaque
461 2971 514 3004 cum
526 2955 608 3004 multis
622 2956 752 3022 irrequieta
770 2957 843 3023 geris.
931 2970 935 2979 ·

294 3026 374 3077 Mirer
385 3029 409 3076 in
426 3030 473 3078 hoc
489 3027 562 3095 igitur
576 3040 695 3077 tantamm
708 3030 817 3094 pondere
833 3044 912 3079 rerum

330 3100 464 3167 Numquam
480 3113 506 3152 te
523 3100 615 3153 nostros
633 3102 748 3155 evoluisse
762 3104 832 3173 jocos
847 3098 858 3152 ἓ
943 3154 947 3161 ,
