2367 3942
257 474 334 568 366
381 473 423 541 P.
451 472 643 541 Orion
660 472 902 540 Naso-ms

255 590 368 641 Molliter
384 607 398 640 a
414 590 484 640 vobis
499 606 552 639 mea
566 589 617 639 sors
633 602 757 655 excepta,
776 590 903 651 Tomitae,

291 664 354 713 Tam
370 664 441 714 mites
459 662 550 731 Grajos
566 663 656 713 indicat
671 662 718 713 eise
735 664 812 714 viros.

257 734 328 786 Gens
341 754 393 788 mea
406 736 519 805 Peligni,
535 737 652 804 regioque
669 736 797 786 domestica
811 733 911 795 Sulmo,

215 824 247 871 50
295 811 353 860 Non
370 811 449 875 potuit
466 809 551 859 nostris
567 808 645 859 lenior
660 808 708 858 esse
725 810 804 859 malis.

174 879 177 885 ’
256 880 343 950 Quem
353 884 395 934 vix
410 884 525 932 incolumi
541 884 650 948 cuiquam
663 881 778 947 salvoque
794 882 902 939 daretis,

294 955 317 1005 Is
335 956 404 1005 datus
418 974 432 1005 a
446 956 516 1005 vobis
531 955 565 1005 est
580 956 635 1004 mihi
650 972 728 1019 nuper
743 956 833 1005 honor.

256 1026 327 1077 Solus
341 1030 419 1080 adhue
435 1045 482 1095 ego
499 1029 548 1078 sum
563 1028 646 1078 vestris
662 1028 774 1078 immunis
789 1028 815 1077 in
829 1028 902 1085 ories

292 1100 427 1167 Exceptis,
444 1102 465 1151 si
481 1101 521 1168 qui
537 1117 637 1151 munera
651 1101 712 1168 legis
728 1102 829 1153 habent.

214 1187 226 1233 5
232 1186 244 1234 5
258 1172 387 1239 Tempore
397 1173 487 1225 secreti
502 1190 554 1223 mea
570 1174 624 1224 sunt
639 1176 718 1223 velata
733 1176 847 1233 toroni,

291 1245 403 1298 Publicus
416 1248 498 1297 invito
514 1264 584 1313 quarn
601 1247 672 1296 favor
686 1247 810 1312 imposuit.

258 1318 338 1384 Qulm
354 1330 420 1387 grata
436 1320 470 1371 est
485 1320 558 1388 igitur
573 1320 673 1369 Latona
689 1321 763 1370 Delia
778 1321 875 1378 tellus,

292 1392 388 1442 Erranri
402 1403 480 1443 tutum
497 1409 549 1459 quae
566 1392 633 1443 dedit
649 1410 696 1443 una
710 1395 811 1451 locum;

256 1464 318 1514 Tum
332 1466 391 1516 mihi
406 1482 461 1516 cara
476 1464 580 1524 Tomis,
600 1465 678 1531 patrii
693 1484 747 1533 quae
761 1466 819 1515 sede
835 1464 919 1533 sugatis

212 1533 246 1583 60
292 1539 401 1604 Tempus
417 1539 508 1588 adhoc
523 1539 593 1590 nobis
607 1539 700 1605 hospita
713 1538 761 1588 fida
776 1551 866 1588 manet.

254 1608 291 1658 Di
306 1608 378 1661 modi)
394 1611 503 1663 fecissent
514 1612 521 1661 i
534 1613 635 1679 placida
653 1612 717 1679 spem
733 1612 812 1680 posset
826 1612 912 1662 hebete

292 1682 378 1745 Pacis,
397 1684 423 1735 δι
437 1702 451 1734 a
467 1684 549 1753 gelido
565 1684 661 1755 longiis
676 1702 722 1736 axe
738 1686 815 1737 soret.

258 1773 893 1865 szssaukffl

349 1896 692 1974 EPISTOLA
733 1913 826 1974 XV.

300 2038 884 2130 soxropoururo

235 2133 291 2252 St
309 2198 362 2265 quis
378 2202 455 2253 adhuc
469 2220 567 2273 usquam
582 2200 655 2250 nostri
670 2215 718 2249 non
733 2195 859 2245 immemor
873 2192 951 2250 exstat,

297 2272 394 2335 Quidve
411 2278 532 2342 relegatus
546 2275 631 2330 Naso,
649 2270 768 2339 requirit,
787 2286 854 2336 agam
867 2285 877 2327 ς

263 2344 395 2395 Caesaribus
412 2349 503 2406 viram,
522 2350 597 2399 Sexto
615 2347 703 2396 debere
720 2344 818 2393 saltitem

297 2416 341 2466 Me
356 2419 412 2468 sciat
424 2437 431 2471 t
444 2438 457 2469 a
472 2422 570 2484 Superis
587 2420 626 2468 hic
642 2419 698 2467 mihi
715 2417 803 2483 primus
820 2414 876 2464 erit.

237 2503 249 2549 5
263 2488 385 2553 Tempora
400 2508 454 2539 narn
469 2494 559 2541 miserae
575 2491 720 2555 complesiar
734 2502 762 2538 ut
778 2488 856 2537 omnia
872 2486 947 2545 vitae,

297 2560 319 2608 A
336 2560 426 2610 meritis
443 2561 496 2627 ejus
513 2579 566 2627 pars
583 2562 641 2610 mihi
657 2564 721 2610 nulla
736 2574 816 2610 vacat.

213 2694 214 2698 Ἰ
262 2629 325 2693 Quae
339 2651 440 2684 numero
455 2647 494 2685 tot
509 2635 580 2692 sunt,
600 2647 660 2700 quot
675 2635 699 2684 in
714 2634 787 2684 horto
800 2632 886 2684 fertilis
900 2629 949 2682 arvi

299 2704 386 2754 Punica
404 2708 444 2757 sub
462 2710 529 2758 lento
547 2709 640 2759 cortice
657 2724 730 2774 gram
744 2709 841 2756 rubent.

262 2775 345 2825 Africa
362 2790 421 2844 quot
434 2781 548 2847 segetes,
567 2795 627 2846 quot
643 2781 739 2829 Tmolia
753 2792 818 2828 terro
836 2795 944 2829 racemos

221 2861 252 2895 ro
302 2849 371 2914 Quot
385 2854 474 2920 Sicyon
490 2854 595 2915 baccis,
614 2863 674 2917 quot
690 2851 751 2917 parit
766 2852 848 2919 Hybla
863 2853 942 2902 favos.

262 2920 397 2973 Confiteor.
413 2926 513 2977 Testere
529 2926 587 2974 licet
601 2939 608 2974 t
622 2925 715 2991 signate
732 2922 851 2987 Quirites.

300 2996 339 3044 Nil
353 3014 413 3061 opus
428 3001 460 3049 est
477 3002 557 3067 legum
572 2997 682 3047 viribus:
695 2997 743 3065 ipse
761 3000 858 3064 loquor.

262 3069 329 3117 lnter
343 3086 401 3135 opes
420 3073 444 3121 &
461 3090 518 3130 me,
536 3090 585 3122 rem
602 3088 716 3137 parvam,
732 3088 796 3135 pone
812 3083 947 3135 paternost

299 3141 354 3194 Pars
370 3160 416 3213 ego
430 3145 474 3195 sim
489 3145 574 3197 censius
588 3146 804 3214 quantulacumque
820 3146 866 3195 tui.
