2367 3942
221 404 226 411 '
312 416 361 467 22
404 392 445 461 P.
475 394 669 463 Ονιυιι
695 395 918 464 Nasouts

312 510 421 562 Nostete
432 528 469 561 me
484 512 574 577 duplici
585 512 663 579 posses
675 514 701 565 in
711 514 815 582 imagine
826 547 834 573 ,
852 514 924 569 dixin

348 585 380 633 Ni
391 594 466 634 vetus
473 585 522 650 ipsa
531 586 585 635 dies
599 599 743 637 extenuaret
758 605 829 653 opus.

313 656 390 707 eausa
401 658 458 707 ratis
469 658 573 724 superest
586 675 594 709 τ
605 660 728 710 Thuscum
737 674 790 710 rate
798 658 900 709 venitin
910 673 1003 716 amnem,

347 732 413 781 Ante
426 744 569 797 pererrato,
585 733 679 801 falcifer
694 767 701 792 ,
718 735 795 790 orbe.
813 732 892 781 Deus.

249 820 299 871 235
312 804 365 855 Hac
378 820 427 871 ego
437 804 565 855 Saturnum
577 808 674 855 memini
684 808 773 855 tellure
782 818 907 870 receptum
917 819 925 862 ς
937 804 950 862 ’,

348 876 478 927 Caelitibus
493 880 573 946 regnis
588 880 617 928 ab
628 878 693 930 Jove
707 879 788 944 pulsus
801 891 863 927 erat.

311 949 371 1000 lnde
383 951 422 999 diu
433 951 499 1018 genti
510 952 598 1001 mensis
611 952 721 1002 Saturnia
733 968 821 1001 nomen
834 968 843 1008 ;

347 1022 417 1071 Diua
428 1039 526 1089 quoque
536 1024 569 1073 esi
580 1024 674 1073 Latium
685 1036 768 1081 terra,
788 1026 880 1073 latente
890 1022 951 1071 Deo.

311 1094 345 1145 At
356 1096 418 1145 bona
428 1096 552 1161 posteritas
563 1097 661 1163 puppim
671 1096 775 1146 servavit
790 1097 815 1145 in
826 1112 874 1146 tere
886 1127 894 1153 ,

248 1184 301 1232 240
349 1168 456 1233 Hospitis
470 1169 600 1218 adventum
616 1168 743 1218 testificata
751 1170 812 1219 Dei.
832 1188 838 1197 ’

311 1240 364 1307 lpse
375 1232 449 1290 solum
460 1242 524 1291 colui
535 1274 542 1299 ,
560 1240 629 1306 cujus
640 1243 799 1307 placidissima
809 1244 900 1293 laevum'

346 1312 420 1364 Radit
434 1316 529 1363 arenosi
541 1315 647 1365 Tibridis
661 1316 724 1364 unda
739 1317 812 1366 latus.

310 1386 358 1438 Hic
369 1420 382 1445 ‚·
393 1388 433 1437 ubi
444 1404 507 1438 nunc
519 1387 597 1437 Roma
608 1388 642 1437 en
653 1422 661 1447 ,
677 1388 787 1439 incaedua
798 1390 858 1440 silva
870 1386 980 1444 virebatg

346 1461 474 1530 Tantaque
489 1478 529 1513 res
538 1461 623 1528 paucis
632 1462 718 1528 pascua
731 1464 809 1513 bubus
820 1474 880 1512 erat.

247 1548 298 1598 245
311 1533 362 1583 Arx
372 1551 425 1585 mea
436 1536 505 1585 collis
515 1548 586 1593 etat.
603 1553 674 1601 quem
685 1537 774 1586 cultrix
786 1535 884 1585 nomine
894 1530 973 1582 nollro

345 1608 476 1671 Nuncupat
487 1610 538 1657 baec
552 1619 629 1667 teras,
648 1608 829 1675 Jnniculuruque
840 1617 923 1657 vocat.

309 1677 381 1727 Tunc
395 1695 442 1747 ego
457 1681 605 1746 regnabam,
621 1681 716 1745 patiens
732 1680 785 1731 rt'un
795 1693 861 1730 terra
871 1680 985 1729 Deorum

345 1750 428 1809 Esset,
447 1750 699 1804 &humanisnumina
709 1753 862 1803 mixtalocis.
896 1768 930 1787 -t

308 1823 423 1873 Nondum
434 1824 577 1877 Jullitiams
575 1825 663 1877 acinus
668 1827 773 1877 mortale
787 1826 898 1892 fugarat.
969 1846 973 1849 ·

248 1911 300 1961 250
347 1895 462 1961 (Ultima
475 1897 505 1947 de
516 1896 614 1963 Superis
626 1901 666 1950 illa
673 1899 775 1965 refiquit
784 1899 890 1947 humum.
903 1891 960 1963 )

309 1969 405 2036 Proque
421 1985 486 2020 meru
496 1972 614 2035 populum·
629 1975 682 2023 sine
694 1990 719 2022 vr
712 1972 810 2037 pudor
820 1969 870 2036 ipse
883 1970 1001 2036 regebatx.

346 2045 432 2093 Nullus
444 2057 514 2102 erat,
532 2042 597 2108 juslis
611 2044 733 2097 reddere
726 2048 796 2111 juti,
813 2046 891 2095 labor.

308 2118 348 2169 Nil
359 2118 415 2166 mibi
427 2134 480 2167 cum
491 2118 575 2167 bello.
577 2124 672 2183 pacem
684 2119 811 2185 postesque
820 2118 928 2173 tuebar3

345 2190 478 2240 Etclavem
495 2189 639 2248 ostendens,
656 2192 736 2246 Haec,
752 2202 803 2246 at,
819 2204 971 2254 armagero.

245 2278 262 2313 ι
267 2276 297 2326 55
309 2262 425 2313 Presserat
437 2280 478 2313 ora
489 2263 578 2313 Deus.
590 2278 649 2313 tunc
659 2264 694 2312 sic
705 2261 783 2311 nostra
794 2278 836 2311 ota
845 2261 973 2323 resolvo,

343 2336 414 2387 Voce
424 2354 478 2387 mea
488 2353 563 2387 voces
574 2336 687 2387 eliciente
698 2334 759 2383 Dei.
849 2333 853 2343 '

309 2406 372 2457 cum
384 2422 422 2459 tot
433 2411 480 2459 siut
491 2409 562 2469 lani,
581 2416 623 2459 c'ut
634 2408 679 2457 stas
689 2406 810 2456 sacratus
803 2423 827 2453 tn
835 2412 908 2459 uno,
958 2400 961 2410 '

344 2482 391 2532 Hic
403 2484 443 2537 ubi
455 2481 532 2546 junila
544 2482 602 2533 fotis
610 2482 703 2545 templa
713 2477 806 2527 duobus
816 2472 915 2523 habes?

242 2576 245 2583 ·
306 2555 352 2605 ille
362 2572 432 2604 manu
445 2557 552 2605 mulcens
562 2552 695 2621 propexain
705 2552 735 2600 ad
745 2547 843 2616 pestora
853 2545 974 2597 barbam
971 2581 983 2609 ,

244 2624 296 2677 260
344 2627 456 2679 Protinus
466 2628 554 2679 OEbalii
565 2627 648 2678 retulit
658 2642 721 2675 anna
730 2622 792 2671 'siti

305 2701 389 2765 thue
400 2696 460 2752 levis
475 2702 571 2759 cusios,
589 2698 686 2751 armillis
697 2712 766 2763 capta
777 2693 868 2745 Sabinis
879 2726 888 2754 ,

343 2774 381 2823 Ad
397 2774 491 2826 summae
502 2774 599 2823 Tatium
614 2770 708 2821 duxerit
719 2769 780 2818 arcis
794 2768 851 2818 iter.
929 2778 934 2785 “

306 2846 365 2897 inde
376 2866 383 2906 l
395 2849 464 2898 velut
474 2864 537 2897 nunc
548 2846 580 2894 esi
591 2878 599 2903 ,
610 2861 654 2910 per
664 2859 734 2909 quem
746 2842 892 2894 descenditis
903 2877 912 2904 ,
925 2841 1021 2911 inquit
1033 2874 1047 2907 ,

343 2920 440 2970 Arduus
451 2923 475 2970 in
485 2921 560 2969 valles
572 2919 598 2967 dt
609 2916 670 2967 Fora
681 2917 759 2967 clivus
771 2928 833 2967 etat.

244 2988 278 3041 26
282 3004 294 3055 5
307 2993 338 3043 Et
353 2993 399 3056 jam
411 2994 546 3059 contigerat
558 3002 671 3054 portam,
690 2990 800 3041 Saturnia
812 2992 881 3063 cujus
956 2984 961 2990 ⁴
1030 3009 1034 3016 ·

339 3066 468 3117 Demsetar
479 3064 603 3133 appositas
612 3063 729 3117 insidiosat
737 3064 819 3120 seres-¹
841 3100 847 3108 -
925 3078 929 3085 ·
967 3078 973 3085 ·
