2367 3942
443 414 621 483 Iura.
810 431 908 507 373¹

184 529 296 598 Quisquis
311 529 368 579 ades
385 528 475 588 sacris,
494 532 603 599 lugubria
618 528 692 582 dicite
706 530 801 588 verbu

219 606 250 654 Et
266 604 326 653 fletu
341 601 441 653 madidis
457 603 512 653 lbin·
525 605 590 654 adite
607 604 698 671 genist

184 676 359 741 Ominibusque
375 677 462 734 malis,
479 678 629 743 pedibusque
643 674 765 726 occurrite
780 674 868 725 lavisz

218 750 250 799 Et
264 749 338 815 nigre
354 748 431 797 vestes
447 765 549 814 corpora
565 749 644 799 vestra
658 761 753 816 tegant.
902 761 952 797 100

183 819 221 873 Tu
237 837 354 888 quoque,
372 821 427 891 quid
443 823 536 878 dubitas
553 822 642 871 ferales
655 821 750 871 sumere
762 818 859 871 vittas?

216 895 269 947 Jam
285 893 348 953 stat,
367 907 395 943 ut
411 896 460 961 ipse
473 895 541 944 vides
554 928 562 953 ‚
577 894 669 946 iuuetis
684 911 726 943 ara
740 894 784 943 tui.

183 966 273 1034 Pompa
288 981 370 1033 parata
386 968 430 1017 tibi
444 967 477 1017 est
490 983 498 1018 t
512 969 576 1017 sotis
588 984 657 1017 mora
670 966 775 1017 tristibus
790 965 862 1016 absit.

218 1041 258 1091 Da
274 1039 380 1107 jugulum
397 1041 500 1099 tuitris,
519 1039 592 1091 hostia
610 1041 659 1091 dira
670 1073 678 1098 ‚
690 1040 767 1089 meis.

182 1111 260 1163 Terra
277 1113 319 1163 tibi
335 1114 434 1179 fruges,
453 1114 527 1163 amnis
543 1114 588 1163 tibi
604 1114 710 1180 deneget
723 1111 820 1161 nudas:
905 1122 953 1171 105

218 1186 335 1251 Deneget
351 1186 445 1240 afflatus
459 1198 546 1237 ventus
564 1188 590 1237 &
606 1202 663 1235 aura
680 1185 744 1236 suos.

182 1257 239 1308 Nec
254 1258 298 1307 tibi
313 1258 356 1309 Sol
372 1251 470 1314 clarus,
488 1274 534 1308 nec
549 1259 580 1308 sit
594 1259 638 1307 tibi
654 1258 733 1306 lucida
746 1255 857 1307 Phntbea

216 1330 457 1381 Destituantoculoa
475 1332 558 1381 Sidera
575 1331 659 1379 cunda
673 1342 739 1379 tues.

180 1402 237 1453 Nec
252 1403 276 1454 se
292 1404 437 1461 Vulcanus.
452 1420 499 1453 nec
515 1404 539 1453 se
556 1404 600 1453 tibi
617 1404 724 1468 praebeat
737 1401 809 1452 Aera

219 1476 273 1525 Nec
290 1476 334 1525 tibi
350 1476 392 1525 det
408 1477 494 1541 Tellus
508 1502 515 1533 s
536 1492 581 1526 nec
598 1477 645 1525 tibi
661 1474 754 1525 Pontus
770 1475 827 1525 iter·
903 1487 954 1523 110

179 1547 273 1606 Exsul,
289 1548 358 1614 inops
375 1564 459 1606 erres,
476 1550 603 1615 alienaque
617 1547 697 1597 limina
714 1547 818 1597 lustres:

218 1620 385 1687 Exiguumque
399 1633 468 1686 petas
483 1637 527 1671 ote
543 1633 664 1671 tremente
680 1622 769 1670 tinum.
853 1657 856 1663 -

178 1695 239 1743 Nec
250 1708 337 1757 corpus
349 1695 451 1759 querulo
463 1726 470 1751 ,
489 1710 534 1743 nec
545 1710 613 1743 mens
622 1706 695 1744 vacet
704 1709 786 1760 aegra,
806 1692 891 1741 dolore
904 1707 911 1740 s

218 1766 325 1831 Noxque
340 1766 379 1815 die
396 1766 492 1833 grauior
507 1766 539 1818 sit
554 1767 620 1825 tibi,
636 1766 707 1817 noue
723 1768 783 1815 dies.

181 1838 268 1904 Sisque
285 1838 356 1890 miset
372 1839 483 1905 semper,
501 1856 547 1890 nec
562 1840 596 1891 sis
611 1839 748 1890 miserabilis
762 1838 809 1889 ulli
817 1854 827 1889 t
905 1848 953 1897 115

219 1910 332 1965 Gaudeat
348 1912 455 1963 adversis
471 1914 561 1963 femina
576 1913 662 1980 virque
677 1912 739 1964 tuis.

180 1984 292 2035 Accedat
310 1984 422 2051 lacrymis
438 1986 539 2043 odium,
556 1986 695 2050 dignusque·
706 1995 816 2049 putere,

217 2055 268 2119 Qui
284 2056 345 2106 maia
361 2074 415 2105 curn
429 2058 513 2107 tuleris
528 2058 647 2123 plurima,
664 2058 733 2121 plura
748 2054 820 2105 ieras.

179 2130 265 2194 Sitque
278 2162 285 2188 ,
304 2129 369 2195 quod
384 2128 420 2178 est
432 2146 510 2179 tarum
523 2162 530 2187 ‚
548 2130 618 2179 solito
634 2128 728 2180 defeda
741 2127 846 2184 fluore,

217 2201 342 2252 AEntmnae
358 2203 433 2252 facies
447 2202 562 2251 invidiosa
577 2214 637 2251 tuat.
903 2214 953 2250 120

179 2274 306 2341 Causaque
321 2290 371 2324 non
386 2275 448 2324 desit
458 2308 476 2334 ,·
485 2275 547 2325 desit
560 2274 690 2343 tibicopia
704 2273 801 2326 mortis.

218 2346 336 2415 Optatam
351 2348 428 2414 fugiat
442 2348 492 2397 vita
509 2348 591 2397 coadia
607 2364 715 2401 necem-2

179 2420 343 2486 laudatusque
359 2421 399 2469 diu
415 2422 535 2470 cruciatos
551 2420 645 2487 spiritus
660 2434 728 2470 attus
795 2417 798 2423 ’

215 2492 341 2551 Deserars
360 2493 386 2543 δι
399 2492 471 2560 longi
485 2506 600 2559 torqueat
615 2507 672 2544 ante
685 2491 764 2543 mori.

179 2565 302 2616 Evenient
318 2582 326 2617 ε
341 2566 407 2616 dedit
420 2566 470 2631 ipse
484 2567 541 2615 mihi
557 2564 631 2616 modi>
646 2570 713 2633 signa
727 2564 803 2616 futuri
848 2596 852 2607 ·
903 2578 952 2627 125
970 2595 972 2598 -

217 2636 320 2691 Phoebus
334 2639 379 2689 a&
395 2656 409 2687 a
424 2641 484 2688 leva
500 2639 578 2689 maesta
592 2641 687 2690 volarit
699 2640 761 2688 avis.

179 2708 259 2760 Certe
274 2728 340 2779 ego,
361 2728 414 2777 que
430 2726 531 2769 voveo,
553 2712 661 2777 Superos
676 2724 770 2761 motura
785 2710 897 2777 putabet

217 2782 314 2852 Speque
329 2796 377 2835 tuae
391 2785 495 2844 mortis,
512 2784 624 2851 perfide,
641 2786 737 2850 semper
748 2785 808 2832 alar.

178 2856 259 2907 Finiet
273 2858 312 2907 ilia
328 2859 398 2917 dies,
417 2874 470 2925 quae
485 2871 511 2909 te
524 2858 580 2909 mihi
595 2858 720 2909 subtrahet
735 2857 815 2905 olim:

217 2929 295 2981 Finiet
310 2931 348 2980 illa
364 2932 432 2990 dies,
449 2948 504 2997 quae
520 2933 575 2980 mihi
591 2931 659 2981 tarda
672 2928 751 2978 venit.
900 2940 951 2993 130

178 3002 211 3053 Et
224 3001 289 3067 psius
304 3004 366 3053 hanc
380 3004 479 3053 animam
491 3036 498 3061 ‚
513 3002 609 3053 nimium
626 3002 674 3051 tibi
682 3003 744 3067 saepe
757 3001 877 3068 petitam,

215 3076 320 3129 Auferet
334 3077 374 3127 ilia
391 3076 461 3137 diss,
477 3092 529 3145 que
545 3076 603 3127 nihi
617 3074 670 3132 sera
683 3074 774 3134 menits
820 3114 825 3120 .
844 3109 851 3123 .
