2367 3942
281 424 359 518 256
408 428 452 496 P.
478 424 671 496 0711211
696 423 922 496 Nasonis

184 595 190 602 .
238 545 310 609 15ln
321 545 406 610 quibus
417 544 605 609 elinemo‚qui
615 560 664 592 non
676 544 955 612 coryton‚&artum,
996 542 1001 548 ’

316 618 425 684 Telaque
439 619 541 683 vipereo
557 616 634 666 lurida
650 617 709 666 lelle
727 629 805 685 geret.

278 692 339 744 Vos
353 692 404 741 sera
414 725 424 749 ,
436 705 496 741 trux
508 693 607 749 vultus,
620 690 743 740 verissima
759 690 846 740 Martis
863 691 944 758 imago
955 707 969 744 τ

315 765 373 813 Non
387 780 475 822 coma,
493 764 607 814 nonulli
623 764 696 812 barba
712 763 801 812 reseda
816 779 898 814 manu.

168 895 172 901 ¹
277 837 389 889 Dextera
403 855 453 888 non
468 838 547 904 segnis
561 835 611 886 fixo
625 836 682 885 dare
697 837 799 886 vulnera
814 838 921 896 cultro,

234 924 271 960 20
316 909 397 972 Quem
413 911 519 960 viniium
533 910 604 960 lateri
618 910 730 958 barbarus
748 909 826 959 omnis
840 911 925 960 habet.

275 981 346 1035 Vivit
360 984 454 1042 iubis,
471 985 536 1033 eheu
550 982 557 1031 !
569 995 710 1032 tenerorum
729 983 819 1032 oblitus
829 983 967 1034 Amorum&

219 1080 225 1089 ·
314 1054 369 1105 ilos
384 1057 470 1115 videt,
488 1058 534 1108 hos
547 1069 618 1120 yates
631 1055 714 1112 audit,
732 1057 827 1114 amice,
845 1057 922 1106 tuus!

277 1127 360 1194 Aeque
376 1131 468 1178 utinam
482 1130 568 1186 vivat,
589 1127 692 1177 sednon
707 1129 822 1178 moriatur
838 1129 863 1178 in
880 1130 927 1180 illis
942 1129 953 1180 ¹.

315 1202 387 1252 Absit
401 1204 432 1251 ab
447 1202 531 1252 invisis
547 1201 573 1251 dt
587 1213 669 1251 tamen
685 1203 767 1250 umbra
784 1200 846 1250 locis
863 1201 869 1250 !

232 1288 265 1338 25
280 1273 391 1324 Carmina
407 1275 472 1342 quod
489 1276 563 1341 pleno
579 1274 661 1323 saltari
673 1273 750 1323 nostra
766 1274 900 1334 Theano,

313 1349 434 1399 Versibus
450 1347 572 1414 &plaudi
589 1347 691 1405 scribis,
710 1347 805 1405 amite,
823 1348 895 1397 meis.

276 1421 319 1470 Nil
335 1423 449 1488 equidem
464 1422 530 1480 leci,
547 1433 576 1469 tu
590 1420 635 1469 scis
650 1421 698 1468 lioc
712 1420 781 1485 ipse,
798 1421 901 1471 theatris
913 1437 924 1479 ς

313 1494 383 1544 Mola
396 1511 442 1545 nec
458 1497 483 1546 in
495 1494 591 1561 plausus
605 1493 728 1542 ambitiosa
743 1510 797 1543 mea
811 1491 853 1541 est.

277 1567 332 1616 Nec
342 1580 425 1618 tamen
433 1569 552 1636 ingratum
565 1567 598 1617 ell
609 1601 620 1624 ,
635 1567 805 1633 quodeumque
814 1566 904 1616 oblivia
915 1563 993 1618 nollii

232 1650 268 1701 30
315 1641 441 1705 Impedit,
460 1643 486 1691 dt
502 1642 599 1706 profugi
614 1655 706 1691 nomen
718 1641 742 1688 in
759 1656 801 1689 ora
817 1640 908 1688 refert.

275 1709 394 1774 Quamvis
407 1714 545 1771 interdum,
562 1729 615 1780 quae
630 1729 668 1760 me
683 1711 765 1762 laesille
780 1712 919 1770 recordor,

313 1784 424 1833 Carmina
439 1787 571 1842 devoveo,
589 1784 743 1851 Pieridasque
757 1801 843 1834 meas:

278 1853 339 1905 clm
354 1858 417 1906 bene
434 1858 523 1910 devovi
533 1889 545 1914 ,
556 1873 654 1923 nequeo
669 1869 750 1906 tamen
764 1857 812 1906 else
827 1858 882 1908 siue
892 1858 961 1910 illis:

312 1929 509 1996 Vulneribusque
524 1930 583 1980 meis
598 1931 647 1980 tela
663 1941 763 1980 cru-enta
779 1931 874 1997 sequor.

231 2011 245 2065 3
251 2015 263 2062 5
278 1999 389 2067 Quaeque
399 2002 474 2054 modi>
484 2003 603 2054 Euboicis
614 2003 720 2052 lacerata
730 2003 764 2052 est
772 2004 880 2053 fluetibus
891 2020 900 2062 ς
911 2002 992 2052 audet

313 2075 392 2141 Graia
404 2077 555 2143 caphardam
570 2093 668 2127 currere
684 2077 769 2143 puppis
784 2093 876 2142 aquam.

275 2147 330 2196 Nec
345 2158 427 2199 tamen
440 2165 472 2200 ut⁴
482 2151 585 2208 lauder,
601 2151 694 2217 vigilo,
713 2161 842 2216 curamque
857 2149 936 2200 futuri

312 2221 443 2281 Nominis,
461 2222 543 2273 utiliris
557 2223 625 2288 quod
663 2221 759 2278 luisset,
776 2239 833 2290 ago.

273 2292 383 2344 Detineo
398 2294 478 2345 studiis
491 2296 614 2352 animum,
657 2295 739 2360 lloque
757 2295 879 2346 doloresa

228 2379 265 2426 4ο
314 2365 432 2432 Experior
447 2369 510 2418 curis
527 2368 552 2416 ἃ
568 2369 631 2416 dare
642 2369 716 2416 verba
732 2367 803 2416 meis.
846 2377 849 2380 '

274 2435 341 2500 Quid
355 2441 437 2503 potius
453 2441 539 2489 faciam
557 2440 659 2489 desertis
675 2439 738 2486 solus
755 2439 779 2486 in
794 2437 870 2486 oris?

310 2511 422 2574 Quamve
438 2513 507 2562 malis
524 2512 594 2560 aliam
610 2525 720 2576 quaerere
737 2525 811 2559 coner
828 2508 927 2574 opem?

273 2582 331 2632 Sive
347 2586 428 2634 locum
441 2585 544 2649 spello,
561 2585 630 2633 locus
645 2581 679 2630 est
693 2580 849 2638 inamabilius
865 2581 892 2632 δι
909 2599 966 2648 quo
997 2619 1002 2626 .

309 2655 362 2706 Esse
372 2657 435 2706 mliii
449 2669 506 2710 toto
520 2656 608 2706 tristius
625 2655 684 2704 orbe
699 2651 792 2719 poteli„

226 2741 261 2792 45
276 2727 332 2778 Sive
341 2729 473 2788 homines,
490 2729 531 2778 vix
543 2728 597 2777 lunt
608 2727 717 2776 homines
728 2726 776 2774 hoc
786 2725 884 2776 nomine
897 2727 963 2798 digni
976 2745 990 2783 e

310 2800 438 2868 Quinque
454 2802 521 2866 lupi,
539 2800 607 2848 saevae
621 2801 674 2862 plus
689 2797 790 2847 feritatis
802 2799 904 2852 habent.
920 2845 922 2848 .

272 2875 336 2924 Non.
347 2886 457 2925 metuunt
472 2875 558 2939 leges,
577 2870 618 2920 sed
634 2869 698 2918 cedit
712 2870 809 2921 viribus
819 2889 913 2938 aequum
925 2891 939 2933 ς,

308 2947 428 3011 Villaque
444 2943 547 3010 pugnaci
564 2942 618 3011 jure
635 2941 676 2992 sub
694 2941 755 2992 ense
767 2941 871 3008 jacent.¹

272 3018 377 3069 Pellibus
395 3018 421 3066 dt
438 3017 497 3064 laxis
515 3026 600 3064 arcent
615 3015 678 3064 male
691 3015 781 3082 frigora
797 3013 915 3078 bracoiu

229 3103 266 3154 50
311 3089 416 3156 Oraque
430 3087 485 3141 lunt
501 3088 581 3159 longis
591 3089 691 3146 horrida
705 3088 769 3148 tella
786 3090 882 3144 cousus.¹
