2367 3942
280 492 589 562 Fasronunr
614 488 726 560 Lrn.
752 490 811 560 11.
858 510 911 584 49

212 612 308 663 stamina
322 628 373 663 non
384 608 493 659 constant
504 622 511 659 ι
524 606 550 657 &
561 606 604 657 sex
612 607 718 659 reserata
728 607 813 660 diebus
921 626 974 674 455

247 687 355 736 Carceris
366 680 443 733 AEolii
454 680 525 747 janua
537 682 590 729 laxa
600 693 677 746 patet.

213 757 226 811 J
232 758 290 811 AM·
300 758 362 809 levis
374 754 472 821 obliqui
488 754 584 809 subsidit
594 753 714 821 Aquarius
724 753 796 807 urni.

245 831 370 882 Proximus
383 830 502 879 aethereos
518 828 624 893 excipe,
641 826 733 885 Piscis,
751 845 837 895 equos.

211 904 247 955 Tc
258 916 391 954 memorant
402 901 546 967 fratremque
558 914 626 949 tuum
638 932 645 958 ,
664 918 719 949 nam
730 899 809 969 junsla
821 902 916 955 micatis

245 977 338 1043 Signa,
358 976 418 1025 duos
430 986 499 1041 tergo
514 973 641 1035 sustinuisse
655 974 736 1025 Deos.
923 975 979 1041 460

211 1048 354 1101 Terribilem
364 1048 482 1115 quondam
491 1047 587 1115 fugiens
599 1047 719 1113 Typhona
730 1046 814 1099 Dione
824 1082 833 1109 ,

245 1123 317 1172 Tunc
330 1119 383 1182 crim
396 1138 441 1187 pro
452 1122 516 1171 coelo
526 1119 639 1185 luppiter
651 1137 716 1170 arma
727 1121 800 1172 tulit:

207 1192 286 1253 ⁴Venit
296 1195 326 1259 ad
337 1195 482 1262 Euphratem
494 1193 609 1243 comitata
620 1192 741 1259 Cupidine
753 1212 852 1261 parm

246 1270 321 1336 lnque
335 1267 464 1319 Palaestinae
480 1266 586 1337 margine
602 1267 662 1335 sedit
677 1285 755 1334 aquae.

210 1342 314 1408 Populus
327 1343 352 1393 &
365 1358 447 1391 cannae
460 1340 565 1407 riparum
576 1338 664 1389 summa
675 1341 809 1391 tenebant:
926 1344 959 1406 46
965 1359 978 1406 5

246 1416 366 1482 Spemque
381 1415 469 1465 dabant
484 1413 569 1465 salices
579 1414 625 1463 hos
639 1430 735 1479 quoque
751 1412 817 1479 posl'e
827 1414 889 1483 tegi.

209 1489 275 1541 Dum
288 1490 369 1547 latet,
387 1486 493 1537 intonuit
508 1499 583 1535 vento
597 1500 682 1535 nemus
696 1501 703 1535 r
718 1484 758 1534 illa
771 1486 860 1538 timore

247 1560 345 1619 Pallet,
367 1561 394 1611 ὃ(
405 1558 502 1612 lr'olliles
515 1559 595 1607 credit
608 1556 686 1607 adesse
700 1575 794 1608 manus.

207 1634 295 1699 thue
311 1634 365 1682 sinu
379 1645 462 1681 natum
472 1630 572 1686 tenuit3
587 1628 747 1689 succurrite.
763 1628 901 1700 Nymphas3

245 1706 279 1756 Er
290 1703 337 1756 Dis
347 1702 464 1754 auxilium
477 1703 540 1752 serre
556 1702 666 1761 duobus.
685 1702 728 1753 ait.
927 1724 982 1773 470

204 1780 265 1831 Nec
275 1793 363 1837 mora..
381 1776 493 1843 prosiluit
505 1791 512 1827 ε
523 1774 600 1841 pisces
615 1774 709 1842 subiere
720 1778 818 1845 gemelli
829 1797 837 1833 r

246 1851 296 1903 Pro
310 1866 359 1917 quo
369 1867 433 1915 nunc
447 1850 544 1919 dignum
555 1850 635 1899 sidera
650 1867 734 1900 munus
746 1852 846 1905 liabent.

207 1922 269 1977 Inde
282 1923 350 1991 nefas
365 1924 457 1975 ducunt
472 1940 547 1993 genus
559 1924 608 1973 hoc
621 1923 747 1991 imponere
757 1926 866 1989 mensis,

244 2000 299 2049 Nec
309 1998 404 2048 violant
413 1998 490 2049 timidi
501 1998 604 2063 piscibus
618 2014 662 2047 ora
672 1998 738 2064 Syri.

207 2070 370 2135 PROXIMA
382 2073 424 2121 lux
432 2087 509 2121 vacua
519 2070 571 2120 est:
584 2081 610 2118 at
619 2069 694 2118 tertia
704 2068 766 2121 dida
777 2070 891 2135 Quirino.
928 2089 981 2143 475

244 2144 296 2209 Qui
308 2156 378 2193 tenet
386 2145 435 2192 hoc
446 2159 556 2199 nomen,
573 2142 692 2191 Romulus
703 2156 760 2193 ante
772 2144 828 2196 fuir.

203 2218 264 2268 Sive
277 2215 347 2283 quod
356 2214 420 2265 hasta
433 2212 504 2265 Curis
519 2213 602 2279 priscis
613 2212 646 2263 est
656 2212 818 2269 astusastus
828 2233 838 2271 t

242 2290 353 2341 Bellicus
367 2305 381 2337 a
391 2288 444 2338 telo
455 2286 556 2338 venitin
569 2286 629 2337 astra
640 2286 720 2339 Deus.

194 2363 266 2423 ¹Siue
277 2362 345 2413 suum
357 2362 420 2429 Regi
428 2378 520 2412 nornen
533 2361 635 2430 posuere
648 2360 777 2424 Quirites:

245 2436 296 2486 Seu
306 2435 362 2503 quia
372 2435 485 2501 Romanis
495 2434 609 2501 junxerat
620 2434 662 2485 ille
674 2434 761 2490 Cures.
927 2443 981 2506 480
1016 2454 1020 2460 ¹

207 2508 272 2559 Nam
283 2522 353 2574 pater
363 2509 528 2574 armipotens,
544 2506 598 2574 post
611 2511 681 2573 quim
692 2525 757 2559 nova
766 2510 854 2563 nroenia
864 2514 943 2575 vidit,

179 2614 184 2619 -
245 2580 375 2648 Multaque
386 2581 507 2633 Romule&
519 2582 582 2631 bella
595 2580 691 2647 peracta
703 2599 794 2646 manu,-

206 2651 344 2721 luppiter,
359 2655 455 2722 inquit,
470 2654 543 2704 habet
555 2654 664 2705 Romana
676 2658 786 2721 potentia
797 2657 882 2712 vitess

246 2727 375 2795 Sanguinis
388 2726 470 2779 officio
482 2744 532 2777 non
547 2739 604 2793 eget
616 2728 656 2777 illa
669 2729 725 2779 mei.

206 2799 298 2852 Redde
312 2802 375 2867 patri
388 2813 470 2851 natum
482 2816 489 2850 :
503 2800 611 2867 quamvis
621 2800 746 2851 intercidit
756 2804 836 2865 alter,
928 2803 963 2867 48
968 2820 981 2868 5

245 2872 296 2924 Pro
306 2873 331 2923 se
343 2907 350 2932 ,
368 2891 460 2941 proque
471 2873 549 2944 Remo
561 2906 568 2931 ‚
586 2873 627 2939 qui
638 2874 695 2924 mihi
704 2874 775 2928 restat
788 2913 796 2937 ,
808 2879 867 2930 erit.

125 2978 126 2998 r
206 2946 284 2998 Unus
295 2945 362 3005 etit,
379 2964 450 3013 quern
463 2960 491 2996 tu
503 2948 575 2997 tolles
589 2946 615 2995 in
628 2949 714 2997 caerula
726 2952 783 2999 coeli
794 2966 802 3001 c

245 3015 292 3068 Tu
306 3019 363 3067 mihi
378 3018 451 3069 dixisti
463 3020 531 3091 :psint
542 3032 594 3069 ratu
609 3020 669 3069 dista
683 3020 773 3073 lovis·
797 3035 799 3039 ⁴

203 3091 329 3159 Juppitqr
344 3105 478 3145 annuerat:
492 3106 551 3143 nutu
564 3092 718 3146 tremesallus
731 3105 833 3161 uterque
930 3137 933 3144 ,

245 3164 292 3219 Est
302 3165 374 3231 polus
385 3180 395 3222 3
413 3164 439 3214 δι
453 3166 508 3219 coeli
517 3166 628 3237 pondera
640 3165 715 3218 sensit
727 3163 807 3237 Atlas.
933 3178 988 3231 490

274 3236 366 3290 Tunius
383 3234 451 3291 111.
549 3250 552 3259 ’
860 3234 883 3283 C
