2367 3942
280 421 352 495 160
382 422 422 490 P.
452 422 644 492 Oranti
670 424 902 495 NAsonrs

274 540 356 607 Atque
367 541 401 589 ita
414 552 445 607 te
454 552 537 590 cautus
552 542 669 607 quaerenti
682 542 749 606 plura
764 544 911 610 legendum,
993 589 996 598 .

310 614 365 672 Ne,
380 630 432 681 quar
449 628 498 662 non
514 631 576 679 opus
589 613 640 672 cll,
657 614 721 663 forte
736 617 855 681 loquare,
870 618 949 668 dabir.

274 683 386 737 Protinus
402 685 536 736 admonitus
552 698 648 752 repetet
664 704 717 735 mea
734 689 831 737 crimina
848 691 947 749 letior,

311 758 342 808 Et
357 776 458 825 peragar
474 759 558 825 populi
573 760 684 825 publicus
702 776 745 810 ore
759 777 825 811 reus.

229 843 261 891 25
274 832 330 881 Neu
346 848 406 880 cave
421 832 552 890 defendas,
569 833 674 897 quamvis
690 834 833 884 mordebere
849 834 926 886 distis.

310 903 386 953 Causa
401 905 535 970 patrocinio
550 921 600 953 non
615 907 677 954 bona
694 905 764 970 peior
781 908 837 956 erit.

272 974 384 1027 Invenies
398 978 522 1044 aliquem,
539 978 578 1044 qui
595 994 633 1037 me
650 978 752 1044 suspiret
766 980 909 1039 ademtum,

309 1049 420 1100 Carmina
433 1067 478 1101 nec
491 1051 562 1113 siccis
578 1053 688 1118 perlegat
702 1051 742 1100 ista
757 1052 844 1118 genisj

271 1121 303 1172 Et
319 1123 406 1175 tacitus
422 1123 520 1181 secum,
536 1139 568 1172 ne
583 1124 636 1189 quis
653 1125 728 1173 malus
744 1125 841 1182 audiat,
856 1137 945 1193 optet,
974 1166 978 1171 .

227 1206 262 1257 30
310 1196 346 1246 Sit
362 1204 433 1255 inea,
449 1196 526 1245 lenito
542 1196 655 1254 Caesare,
671 1213 741 1261 poena
755 1197 845 1267 minor.

252 1268 306 1319 Nos
314 1286 425 1334 quoque,
435 1270 540 1336 quisquis
547 1269 607 1327 erit,
618 1287 648 1318 ne
656 1271 686 1319 sit
694 1270 811 1321 miserille
821 1303 828 1328 ‚
839 1264 984 1337 precamur,

308 1341 418 1393 Placatos
434 1342 519 1391 misero
535 1343 576 1408 qui
591 1344 660 1393 volet
678 1343 725 1393 effe
744 1344 825 1393 Deos.

270 1413 381 1481 Quaque
396 1416 480 1474 volet,
495 1428 547 1463 rata
562 1410 610 1464 sint
625 1432 634 1473 ;
650 1416 775 1482 ablataque
791 1414 907 1483 Principis
921 1416 956 1465 ira

308 1488 410 1538 Sedibus
427 1489 451 1539 in
467 1487 549 1553 patriis
567 1488 609 1537 det
628 1488 686 1539 mibi
702 1488 766 1554 posse
782 1490 852 1539 mori.

228 1564 259 1622 35
273 1561 309 1610 Ut
324 1577 426 1628 peragar
440 1560 566 1619 mandata,
577 1560 667 1621 Liber,
684 1564 816 1627 culpabere
828 1562 929 1619 forsan;

307 1634 447 1701 Ingeniique
461 1634 540 1683 minor
555 1634 626 1685 laude
644 1634 724 1685 serere
739 1634 798 1685 mei.

271 1704 285 1756 J
288 1706 363 1755 udicis
378 1704 485 1756 officium
498 1703 550 1763 est,
565 1718 593 1755 ut
606 1722 664 1763 res,
680 1707 715 1757 ita
730 1718 841 1772 tempora
854 1723 956 1765 rerum,

309 1778 452 1840 Quaerere:
468 1777 571 1843 quaesito
583 1790 715 1841 tempore,
731 1791 799 1829 tutus
815 1780 873 1830 eris.

273 1849 385 1900 Carmina
398 1850 544 1916 proveniunt
558 1850 638 1899 animo
653 1850 754 1901 dcdusla
769 1852 874 1908 seren03

226 1938 262 1984 40
309 1924 397 1973 Nubila
413 1923 466 1975 sunt
482 1922 563 1974 subitis
576 1934 687 1988 tempora
699 1922 780 1975 nostra
795 1924 873 1975 malis.

272 1995 384 2046 Carmina
398 1996 512 2048 secessum
526 1996 648 2047 scribentis
664 1997 691 2047 δι
706 1997 756 2047 otia
773 2009 905 2063 queruntr
963 2002 967 2007 '

309 2070 353 2124 Me
368 2088 452 2128 mare,
465 2087 505 2119 me
518 2071 606 2127 venti,
618 2086 656 2119 me
671 2069 723 2121 sera
736 2068 808 2135 justat
824 2071 910 2121 hiems.

274 2142 426 2195 Carninibus
440 2156 520 2195 metus
534 2144 612 2194 omnir
626 2142 706 2195 aben:
721 2159 770 2210 ego
782 2143 891 2209 perditus
903 2141 985 2193 ensem
1091 2196 1096 2205 ,

309 2216 435 2267 Haesururu
452 2216 537 2283 jugulo
554 2215 603 2279 jam
618 2228 677 2280 puto
693 2215 789 2281 iamque
802 2232 871 2267 meo.

149 2284 154 2292 ’
229 2302 262 2351 45
274 2289 336 2339 llaec
346 2306 459 2357 quoque,
473 2289 538 2354 quod
550 2288 613 2337 sacio
623 2321 633 2345 ,
644 2288 718 2352 judex
727 2289 852 2339 mirabitur
862 2302 967 2351 aequust

309 2363 451 2429 Scriptaque
466 2378 520 2410 cum
532 2360 604 2412 veniit
618 2361 801 2426 qualiacumque
815 2362 893 2425 leget.

272 2435 313 2483 Da
328 2435 386 2485 mibi
399 2435 557 2490 Maeoniden‚
572 2433 598 2482 δι
612 2446 652 2481 tut
666 2431 819 2496 circumspice
835 2430 923 2487 casust

309 2507 435 2573 Ingenium
451 2507 526 2557 tantis
542 2505 640 2557 excidet
655 2521 726 2555 omne
741 2503 819 2553 malis.

273 2578 387 2645 Denique
402 2579 499 2629 securus
514 2578 598 2635 same,
616 2578 703 2635 Liber,
719 2577 754 2626 ire
768 2579 912 2632 memento;

229 2667 263 2717 50
310 2653 364 2702 Nec
379 2651 424 2700 tibi
436 2650 469 2701 sit
484 2651 548 2701 letio
563 2648 706 2714 displicuisse
723 2648 810 2714 pudor.

273 2726 333 2775 Non
347 2725 379 2775 ita
394 2724 418 2774 se
434 2724 506 2773 nobit
518 2725 611 2788 praebet
626 2723 732 2774 Fortuna
749 2720 900 2780 secundam,

310 2797 346 2847 Ut
360 2795 404 2847 tibi
419 2796 450 2846 sit
466 2796 530 2845 tatio
546 2795 622 2845 laudis
637 2795 745 2843 bibenda
762 2805 821 2845 tuae.

274 2870 364 2922 Donec
380 2886 447 2921 cram
460 2869 560 2934 sospes,
578 2866 644 2917 tituli
659 2868 774 2933 tangebar
789 2881 894 2923 emeret

309 2942 490 3008 Quaerendique
506 2942 562 2991 mihi
580 2940 683 2990 nominis
699 2940 771 2995 ardor
787 2951 850 2991 erat.

232 3028 263 3076 55
277 3017 389 3069 Carmina
398 3033 463 3066 nuuc
473 3016 494 3067 ti
507 3032 555 3065 non
564 3048 571 3071 ‚
581 3012 729 3079 studiumque
742 3013 809 3079 quod
820 3009 915 3070 obfuit,
926 3008 985 3069 odi,

310 3090 347 3165 Sit
360 3089 415 3143 satir
432 3104 441 3143 t
457 3089 605 3159 ingeniosic
620 3088 676 3156 suga
691 3100 759 3155 perta
774 3102 841 3141 mec·
912 3094 915 3103 ’
