2367 3942
271 407 354 497 ·296
404 404 445 473 P.
474 404 660 475 orrnrr
687 356 917 478 Nisontr

238 538 267 588 15
280 526 319 575 Est
329 542 382 575 ntea
392 527 464 593 eulpa
473 527 553 593 gravis
565 559 573 585 ,
591 526 632 575 sed
642 543 695 591 quae
706 542 745 575 tne
755 527 858 591 perdere
869 529 946 579 solunt

315 599 378 649 Ausa
394 601 444 659 sit,
462 600 488 651 δι
502 602 594 650 nullum
609 597 685 663 majus
700 600 786 649 adortt
800 602 879 651 nefas.

278 673 338 731 Nil,
352 673 457 723 nisinun
468 672 577 738 sapiens,
589 671 696 738 potrum,
709 672 872 739 timidusque,
888 676 990 729 vocarit

317 746 377 795 iiaec
394 747 444 796 dno
461 747 513 797 sunt
529 746 601 795 animi
615 745 711 795 nornine
727 762 785 795 uera
801 747 859 796 rnei.

280 818 332 869 Ess'e
348 818 443 884 quidem
459 821 559 877 fateor,
574 819 684 867 meritam
700 817 752 883 post
767 819 866 869 Caesaris
884 822 965 883 iram,

237 906 270 939 20
317 890 448 941 Difficilem
465 892 577 959 precibus
591 904 617 941 te
631 907 727 959 quoque
741 890 796 956 jure
810 894 880 942 meis.

280 962 391 1030 Qudque
408 977 450 1015 tut
467 965 501 1015 est
516 966 594 1032 pietas
609 965 633 1013 in
648 976 727 1013 toturn
744 981 834 1014 nornen
850 966 917 1028 liiii,

315 1037 354 1086 Te
370 1038 444 1097 taedi,
463 1036 516 1089 cun
530 1039 583 1104 quis
598 1037 693 1087 iaeditur
709 1038 783 1097 inde,
804 1052 885 1103 putas.

279 1109 328 1161 Sed
342 1110 402 1161 licet
417 1128 482 1161 arma
498 1112 582 1180 tens,
597 1109 623 1160 δι
638 1111 740 1159 vulnera
755 1111 815 1161 saevt
831 1111 956 1172 mineris,

317 1184 374 1233 Non
391 1196 471 1238 tamen
486 1168 597 1244 efficies,
606 1195 643 1234 ut
658 1184 758 1233 timeare
774 1185 840 1235 mihi.

236 1272 268 1320 25
282 1256 371 1325 Puppis
387 1258 576 1309 Achemeniden
594 1255 696 1323 Graium
712 1255 820 1320 Trojanr
834 1259 954 1325 recepit:

315 1328 412 1381 Profuit
429 1332 454 1382 δι
468 1331 543 1398 Myso
560 1330 638 1381 Pelias
654 1329 718 1381 hasta
735 1330 799 1379 duci.

281 1400 400 1471 Confugit
416 1404 535 1454 interdurn
551 1403 636 1469 templi
645 1404 755 1453 notator
771 1404 901 1464 adaram,

315 1476 368 1527 Nec
382 1490 467 1543 petere
484 1476 569 1527 offensi
583 1476 685 1526 numinis
702 1476 787 1526 horret
802 1493 884 1542 opern.

279 1548 379 1602 Dixerit
394 1552 442 1601 hoc
456 1532 540 1617 aliquis
555 1562 634 1601 tutum
649 1566 699 1599 non
715 1548 785 1609 effe,
803 1550 928 1602 fatemur.

235 1635 269 1687 30
316 1622 364 1672 Sed
380 1640 429 1673 non
446 1640 500 1690 per
505 1624 633 1689 placidas
626 1636 646 1672 tt
661 1640 715 1673 mea
732 1623 816 1706 puppis
831 1640 916 1689 aquas.

279 1694 345 1743 Tuta
361 1709 445 1761 petant
461 1697 521 1745 alii·
514 1733 521 1746 .
534 1696 640 1747 Fortuna
656 1696 783 1745 miserrima
801 1707 853 1745 tuta
869 1696 923 1749 est:
1030 1716 1034 1725 ·

313 1768 375 1816 Nam
391 1770 463 1817 timot
479 1769 580 1828 eventis
596 1770 724 1817 deterioris
739 1768 812 1817 abeii.

277 1839 328 1904 Qui
344 1840 435 1905 rapitur
450 1841 523 1897 fatis,
542 1841 599 1907 quid
615 1853 704 1905 preter
718 1841 765 1889 iata
780 1840 912 1909 requirat?

314 1912 384 1979 Saepe
400 1916 465 1964 creat
480 1914 566 1965 molles
582 1913 664 1979 aspera
680 1913 743 1980 spina
758 1914 833 1964 rosas.

235 1998 247 2050 3
255 1999 266 2049 5
280 1984 330 2050 Qui
345 1988 436 2052 rapitur
452 1987 579 2052 spumante.
592 1987 660 2047 salo,
680 1988 719 2039 sua
733 1988 829 2037 brachia
845 1988 911 2037 cauti

314 2057 435 2129 Porrigit,
457 2062 482 2112 &
498 2061 573 2127 spinas
592 2060 698 2127 duraque
716 2060 768 2110 stra
785 2062 858 2125 capit.

275 2131 426 2197 Accipiunt
443 2146 553 2185 metuens
567 2168 574 2192 ,
593 2134 680 2199 pennis
693 2134 866 2199 trepidantibus
880 2134 937 2185 ales

312 2206 395 2256 Audet
412 2207 442 2255 td
457 2208 572 2258 humanos
589 2206 646 2257 setta
661 2208 747 2256 venire
762 2207 841 2274 rinus.

276 2278 331 2341 Ner
348 2278 376 2335 se,
387 2280 470 2331 vicino
485 2279 578 2329 dubitat
594 2280 747 2331 committere
758 2278 850 2337 terto,

231 2364 266 2412 40
314 2350 376 2414 Quae
389 2353 451 2419 fugit
465 2350 561 2403 infestos
577 2352 663 2403 territt
680 2370 752 2403 cervt
766 2368 850 2403 tanet.

276 2424 332 2485 Da,
344 2431 448 2489 precor,
460 2425 577 2475 artesium
588 2426 716 2491 lacrymis,
728 2425 868 2480 mitissime,
881 2426 965 2478 nostris
978 2443 988 2481 t
1008 2484 1014 2493 Ι

313 2496 367 2545 Nec
381 2497 479 2563 rigidam
494 2498 581 2547 timidis
595 2498 696 2547 vocibus
711 2499 775 2547 obde
789 2498 876 2549 forern.

276 2570 408 2634 Verbaque
423 2566 502 2620 nostra
517 2570 601 2620 favens
611 2568 719 2619 Romana
729 2571 759 2619 td
770 2572 874 2619 Numina
883 2574 967 2638 perfer
977 2606 987 2635 ‚

311 2642 367 2691 Non
382 2642 425 2691 tibi
440 2640 549 2708 Tarpeio
563 2645 629 2693 culta
643 2642 756 2709 Tonante
771 2643 858 2693 minus.

232 2730 264 2777 45
278 2713 435 2781 Mandatique
451 2715 498 2764 rnei
516 2716 611 2782 legatur
626 2715 716 2782 suscipe
733 2714 824 2765 causam
840 2730 847 2765 τ
943 2722 949 2732 “

193 2782 198 2791 “
232 2831 236 2839 ,
255 2810 261 2843 t
312 2786 383 2836 Nulla
400 2802 455 2837 tneo
470 2789 576 2855 quamvis
590 2789 688 2837 nornine
704 2788 772 2837 rausa
788 2789 851 2837 bona
869 2790 912 2843 en.

273 2859 325 2913 Jant
343 2876 419 2927 prope
435 2860 580 2927 depositus,
599 2860 667 2910 cette
682 2860 728 2925 jam
744 2860 841 2927 [rigidus
859 2882 946 2932 eger,

311 2932 425 2984 Servatus
439 2950 483 2999 per
497 2932 541 2994 te',
559 2934 579 2985 si
596 2933 673 2988 tnodri
684 2933 785 2992 server,
803 2951 855 2984 ero.
882 2995 886 3001 ὁ

273 3007 345 3057 Nunc
359 3020 401 3059 tua
414 3023 459 3073 pru
474 3008 547 3072 lapsis
563 3006 652 3058 nitatur
667 3007 740 3075 gratia
756 3009 854 3065 rebus,

231 3093 264 3141 50
312 3078 428 3149 Principis
445 3082 530 3133 aterni
547 3098 617 3149 quatu
632 3082 676 3133 tibi
691 3080 785 3149 prestat
800 3098 878 3133 antur.
