2367 3942
237 444 585 512 'ansrrunr
611 442 772 512 Luni.
818 442 887 518 161

90 555 93 638 i
174 561 188 612 1
202 574 300 617 tamen,
317 561 326 608 i
337 574 345 609 τ
357 576 403 626 pro
413 575 453 608 me
466 572 510 617 tu,
530 562 568 609 cui
580 560 658 617 licet,
678 559 756 627 aspice
768 560 880 610 Romam.

216 633 251 682 Di
265 633 395 687 facerent,
412 632 502 697 possem
517 650 579 681 nunc
596 649 664 681 meus
680 632 727 683 effe
742 632 827 683 liber!

90 707 93 771 ζ
175 708 291 763 Necte,
307 704 375 771 quod
388 704 474 755 venias
485 722 593 773 magnam
607 706 748 773 peregrinus
764 706 790 756 in
805 706 916 762 Urbem,

215 779 329 845 ignotum
343 779 437 844 populo
452 776 518 844 poffe
531 779 618 827 venire
632 791 700 843 puta.
901 778 936 829 60

178 852 217 902 Ut
232 852 307 901 titulo
322 866 425 909 careas,
443 851 494 917 ipso
510 851 610 901 noscere
627 852 732 910 colore;

217 923 377 974 Dissimulare
392 924 456 972 velie
470 936 496 973 te
511 925 570 974 licet
585 922 632 973 eise
646 940 736 975 meum.

179 996 251 1046 Clam
263 1007 347 1045 tamen
359 996 451 1045 intrato
467 1014 475 1055 ς
491 1009 562 1046 nete
578 1012 632 1045 mea
648 998 751 1047 carmina
766 997 862 1049 laedant.

217 1071 276 1119 Non
289 1069 357 1126 sunt,
374 1081 402 1118 ut
415 1070 534 1135 quondam
548 1071 620 1135 plena
636 1068 724 1120 favoris
741 1084 819 1121 erant.

96 1150 101 1157 '
179 1142 208 1193 si
223 1142 276 1207 quis
291 1141 354 1199 erit,
365 1142 407 1207 qni
421 1155 466 1199 te,
479 1143 534 1209 quia
546 1145 579 1193 sis
592 1158 678 1203 meus,
692 1143 738 1193 effe
751 1144 880 1213 legendum
900 1143 933 1205 65

215 1216 274 1265 Non
289 1227 379 1280 putet,
397 1230 411 1263 e
428 1217 521 1282 gremio
534 1216 677 1282 rejiciacque
693 1216 755 1275 suo,

179 1288 294 1351 Inspice,
308 1287 366 1343 dic,
378 1288 476 1337 titulum
488 1305 496 1339 :
508 1305 558 1346 non
568 1290 618 1339 sum
628 1302 768 1356 preceptor
778 1290 894 1339 Amoris:

218 1360 286 1424 Quas
299 1360 404 1419 meruit,
420 1378 505 1426 poenas
517 1361 565 1425 jam
580 1362 648 1412 dedit
661 1362 720 1411 iilud
737 1378 809 1426 opus.

181 1433 293 1483 Forsitan
308 1432 452 1499 exspestes,
468 1452 499 1483 an
511 1436 536 1483 in
552 1436 601 1484 alta
616 1435 703 1501 palatia
718 1434 811 1484 miffum

216 1506 340 1556 Scandere
358 1517 385 1556 te
405 1506 521 1571 jubeam,
541 1506 725 1573 Cesareamque
745 1505 851 1557 domum.
901 1520 938 1571 70
1001 1516 1002 1519 ’

102 1620 105 1625 .
181 1578 310 1645 ignoscant
328 1579 426 1647 augusta
440 1580 498 1629 mihi
513 1581 584 1638 ioca,
603 1579 686 1645 Dique
701 1581 828 1629 locorum:

216 1652 294 1702 Venit
313 1652 339 1701 in
357 1653 406 1701 boc
425 1652 466 1701 illa
487 1652 579 1702 fulmen
595 1654 625 1702 ab
644 1668 700 1702 arce
719 1665 800 1717 caput.

181 1722 234 1773 Effe
252 1724 350 1790 quidem
367 1725 466 1775 memini
485 1725 608 1776 mitissima
625 1725 719 1776 sedibus
737 1726 784 1775 illie

90 1840 92 1851 ‚
216 1798 321 1847 Numina
338 1814 347 1855 ς
364 1797 406 1847 sed
416 1800 511 1858 timeo,
529 1800 570 1865 qui
585 1814 712 1857 nocuere,
728 1800 810 1849 Deos.

89 1869 94 1881 “
181 1868 302 1919 Terretur
318 1870 417 1920 minimo
434 1888 522 1937 penne
537 1872 639 1922 stridore
653 1874 782 1931 columba,
847 1880 850 1890 ·
900 1885 934 1935 75

216 1942 364 2009 Unguibus,
383 1944 516 2009 accipiter,
534 1944 612 1994 saucia
628 1944 689 1994 facia
703 1946 763 1994 tuis.

182 2012 235 2064 Nec
252 2016 372 2081 procula
389 2014 484 2065 stabulis
503 2018 575 2067 audet
589 2018 723 2076 secedere,
740 2019 762 2067 s'r
776 2032 822 2084 qua

217 2086 318 2137 Excuffa
336 2086 370 2135 est
385 2088 449 2136 aridi
466 2088 576 2137 dentibus
595 2105 655 2155 agna
672 2090 731 2155 lupi.

181 2158 280 2210 Vitaret
297 2159 390 2209 coelum
407 2157 550 2219 Phaethon,
568 2162 589 2209 si
605 2162 699 2211 viveret
717 2180 725 2221 ;
743 2162 769 2213 δι
784 2178 845 2229 quos

218 2231 324 2297 Optime
336 2231 425 2290 stulte,
440 2244 541 2299 tangere
557 2234 637 2283 nollet
651 2250 737 2300 equos.
901 2234 936 2287 80

181 2303 227 2353 Me
239 2320 356 2371 quoque,
370 2322 424 2371 quae
434 2306 496 2357 sensi
506 2340 513 2365 ‚
524 2307 604 2357 fateor
615 2304 684 2358 Jovis
695 2324 758 2357 arma
772 2308 859 2357 timere
870 2324 887 2375 ,-v

218 2376 262 2427 Me
279 2394 338 2428 reor
352 2377 457 2437 infesto,
475 2378 527 2428 crim
542 2392 630 2436 tonat,
647 2380 703 2447 igne
719 2382 780 2447 peti.

90 2447 91 2518 ζ
182 2446 336 2516 Quicumque
352 2450 469 2516 Argolici
484 2453 515 2501 de
531 2452 601 2503 class’e
617 2453 740 2519 Capherea
757 2453 835 2519 fugit,

218 2522 319 2589 Semper
336 2524 365 2572 ab
383 2524 499 2575 Euboicis
515 2527 570 2576 vela
587 2538 716 2591 retorquet
731 2527 808 2592 aquis.

181 2592 214 2643 Et
232 2612 287 2644 mea
303 2597 407 2663 cymba,
425 2598 498 2647 semei
513 2596 577 2647 vasti
592 2598 700 2665 perculsa
715 2597 842 2663 procelli,
900 2597 933 2661 85

218 2667 308 2726 Illum,
325 2686 373 2735 quo
390 2670 445 2720 laesa
462 2669 515 2727 est,
535 2671 621 2720 horret
637 2670 703 2719 adire
719 2671 808 2721 iocum.

181 2738 268 2805 Ergo,
283 2758 340 2791 care
355 2742 448 2801 Liber,
467 2742 549 2791 timidi
565 2743 720 2809 circumspice
735 2755 837 2803 mente;

217 2812 249 2862 Et
267 2813 322 2863 satis
337 2830 351 2863 a
367 2815 447 2865 medii
459 2817 490 2865 sit
505 2816 549 2866 tibi
565 2817 636 2882 plebe
652 2816 711 2884 legi.

181 2882 248 2934 Dum
262 2887 326 2951 petit
342 2886 439 2941 infirmis
454 2886 551 2939 nimium
566 2889 673 2939 sublimia
687 2888 773 2955 pennis

217 2958 318 3018 icarus,
336 2960 418 3012 icariis
431 2962 526 3011 nomina
542 2962 602 3012 fecie
617 2962 694 3028 aquis.
898 2974 933 3025 90

180 3028 286 3081 Difficile
302 3031 336 3082 est
348 3044 447 3092 tamen,
463 3034 503 3084 hic
517 3036 595 3085 remic'
604 3034 679 3085 uteris
695 3050 725 3083 an
742 3030 817 3091 auri,

212 3102 306 3158 Dicere
324 3122 332 3159 ε
349 3108 475 3162 consilium
489 3124 577 3176 resque
591 3110 709 3173 luemque
726 3106 826 3157 dabunt.
