2367 3942
311 422 389 517 326
439 422 482 494 P.
509 422 704 493 Orruit
729 386 984 496 Naroma

309 539 415 591 Horrida
431 542 571 607 pendebant
587 545 674 594 moues
691 544 763 611 super
777 562 820 595 ora
838 548 932 613 capilli
947 564 962 603 ;

345 614 378 664 lit
391 615 440 665 visa
458 615 492 666 eli
506 617 584 667 oculis
600 618 697 667 humida
712 635 792 684 penna
806 621 880 670 meis.

310 684 395 751 Qualis
411 688 437 737 in
452 690 525 740 aeria
541 703 613 758 tergo
627 691 690 741 folet
707 692 755 741 effe
770 694 918 753 columbe,

263 773 299 809 20
346 760 501 813 Trahantilm
517 766 600 814 multae
615 781 686 831 quam
700 765 807 832 tetigere
820 783 924 816 manus.

309 833 381 884 Hunc
393 868 400 893 ,
412 836 481 887 simul
493 838 581 905 agnovi
593 871 601 895 ,
613 839 770 904 nequeenim
779 839 838 888 milti
848 842 944 891 notior
954 841 1033 897 alter,

344 907 444 960 Talibus
461 910 532 959 affata
548 910 581 960 est
596 911 673 961 libera
688 913 770 978 lingua
784 913 869 964 sonis:

309 978 334 1031 0
349 998 411 1046 puer
424 984 431 1032 l
444 984 522 1033 exsilii
540 984 646 1050 decepto
660 985 731 1034 causa
743 984 878 1052 magistro,

346 1054 427 1119 Quem
443 1057 490 1107 fuit
505 1058 587 1108 utilius
602 1074 652 1107 non
667 1057 772 1107 docuiffe
789 1059 871 1118 mssii3

264 1138 298 1189 25
311 1126 367 1177 Huc
383 1146 480 1197 quoque
495 1130 601 1190 venisti,
619 1148 667 1196 pax
682 1130 717 1181 et
728 1131 769 1180 ubi
785 1142 903 1199 tempore
920 1134 994 1184 nullo
1007 1167 1019 1191 ,

344 1201 376 1252 Et
391 1203 444 1253 coit
458 1204 554 1254 amittis
570 1206 686 1255 barbarus
701 1204 759 1255 lller
772 1206 865 1271 aquis?

309 1272 376 1339 Qua
390 1277 434 1327 tibi
451 1278 520 1329 causa
531 1275 603 1329 viae?
618 1279 665 1329 nisi
680 1278 716 1327 oti
730 1279 888 1341 malanollta
904 1277 1031 1331 videres?

346 1348 410 1413 Quae
427 1351 499 1410 sunt,
516 1352 538 1402 si
551 1351 628 1401 nescis
639 1385 646 1410 ‚
664 1352 781 1402 invidiosa
793 1353 848 1402 tibi.

309 1420 350 1473 Tu
367 1424 426 1475 mihi
442 1424 530 1475 dictasti
544 1426 660 1492 juvenilia
677 1427 781 1475 carmina
797 1427 910 1492 primus.
901 1443 911 1457 ·
1013 1446 1017 1455 ·

265 1504 300 1555 30
348 1496 455 1565 Apposui
471 1498 551 1561 lenis,
566 1512 593 1549 te
608 1500 691 1557 duce,
707 1497 812 1566 quinque
828 1500 917 1566 pedes.

309 1568 365 1620 Nec
381 1590 420 1624 me
434 1572 545 1625 Maeonio
562 1573 709 1640 consurgere
723 1572 849 1631 carmine,
865 1590 914 1623 nec
932 1592 978 1626 me

346 1643 438 1697 Dicere
456 1663 596 1732 magnorum
611 1646 730 1713 pallores
746 1646 796 1696 alla
814 1647 912 1698 ducum.

308 1714 420 1769 Forsitan
439 1722 556 1803 exiguas,
570 1721 663 1785 aliquas
679 1732 779 1775 tamen,
796 1736 866 1771 arcus
883 1720 993 1788 &ignis

346 1790 438 1856 Ingenii
455 1793 522 1843 vires
536 1793 701 1841 comminudre
716 1793 795 1843 mei.

265 1868 279 1921 3
285 1872 297 1922 5
310 1860 420 1929 Namque
431 1880 478 1933 ego
489 1865 544 1914 dum
556 1876 629 1913 canto
640 1876 680 1913 tua
690 1880 765 1931 regua
773 1878 871 1929 tuaeque
880 1866 1004 1930 parentis,

347 1935 374 1985 ln
388 1939 479 1989 nullum
497 1954 550 1988 mea
564 1954 633 1989 mens
650 1938 739 2006 grande
753 1938 849 1988 vacavit
864 1953 936 2022 opus.
990 1941 993 1946 '

309 2006 364 2058 Nec
381 2010 433 2064 satis
448 2014 473 2063 id
489 2013 589 2073 fuerat3
606 2011 689 2062 stultus
705 2028 801 2079 quoque
817 2012 920 2062 carmina
934 2012 1003 2071 feci,

345 2084 448 2137 Artibus
462 2098 489 2138 ut
505 2087 583 2153 posses
596 2103 648 2136 non
662 2087 726 2135 rudis
743 2086 790 2135 effe
806 2085 874 2134 meis.

311 2152 358 2207 Pro
373 2160 458 2225 quibus
473 2162 581 2212 exsilium
597 2160 684 2210 misero
700 2137 759 2208 mhi
773 2159 865 2212 reddita
877 2174 992 2209 merces:

265 2240 301 2287 40
349 2232 376 2281 ld
391 2250 487 2301 quoque
504 2234 529 2284 in
546 2234 681 2288 extremis,
702 2232 763 2284 ὃ(
744 2248 797 2282 nne
813 2249 892 2298 pace,
909 2233 980 2282 locis.

309 2303 344 2353 At
359 2322 409 2357 non
425 2307 557 2358 Chionides
573 2307 729 2372 Eumolpus
722 2323 746 2356 tn
764 2306 863 2372 Orphea
879 2305 952 2363 talis;

347 2378 374 2429 ln
390 2376 484 2450 Phryga
498 2396 545 2430 nec
561 2380 673 2447 Satyrum
687 2380 741 2430 talis
759 2380 878 2447 Olympus
892 2392 950 2427 erat.

310 2449 409 2503 Praemia
424 2470 470 2504 nec
482 2453 577 2503 Chiron
594 2456 624 2502 ab
638 2454 728 2503 Achilli
743 2454 800 2502 talia
816 2455 898 2517 cepit,

347 2524 540 2594 Pythagoraeque
556 2526 639 2577 ferunt
654 2542 704 2576 non
720 2526 826 2576 nocuiss'e
843 2527 946 2575 Numam.

265 2612 298 2662 45
311 2598 416 2649 Nomina
427 2616 475 2652 neu
486 2600 590 2651 referam
601 2601 700 2668 longum
711 2599 813 2649 colena
823 2616 866 2667 per
876 2614 966 2655 avum,

344 2672 470 2739 Discipulo
485 2673 549 2739 perii
561 2674 625 2725 solus
641 2675 673 2723 ab
687 2674 737 2740 ipse
752 2690 817 2731 meo.

309 2742 375 2795 Dum
387 2746 469 2797 damus
479 2763 542 2797 arma
554 2746 599 2797 tibi
610 2782 618 2803 ,
631 2748 686 2797 dum
696 2761 722 2797 te
733 2780 740 2805 ,
752 2745 856 2803 lascive,
867 2744 970 2797 docemus
977 2763 986 2805 ;

345 2818 404 2871 Haec
416 2855 426 2881 ,
439 2833 465 2872 te
482 2819 618 2886 discipulo,
634 2820 696 2869 dona
713 2818 821 2885 magister
838 2819 915 2869 habet.

312 2891 363 2944 Scis
379 2906 475 2954 tamen,
492 2907 519 2945 ut
534 2890 624 2961 liquidd
640 2891 733 2957 juratus
750 2892 831 2941 dicere
848 2894 935 2959 possis,

165 2966 171 2975 ’
266 2984 299 3034 50
347 2970 403 3021 Non
420 2986 458 3019 me
476 2969 598 3037 legitimos
616 2964 741 3016 solicitalse
756 2971 834 3016 toro‘s.

309 3044 450 3109 Scripsimus
467 3044 520 3092 haec
535 3041 581 3092 istis
595 3075 602 3099 ‚
619 3057 717 3108 quarum
729 3055 775 3089 nec
789 3041 849 3089 vitta
862 3038 952 3105 pudicos

346 3116 474 3185 Contingit
490 3114 569 3169 crines
581 3140 597 3177 a*
607 3131 653 3168 nec
668 3114 728 3167 llola
743 3116 815 3182 longa
831 3113 910 3180 pedes.
