2367 3942
262 390 550 459 Tntsrtuu
577 388 683 459 Lrn.
711 392 770 459 Il.
825 396 930 490 193'

187 510 248 558 Nam
260 508 319 573 quid
333 509 358 556 in
369 507 527 575 Hippolyto,
540 506 588 557 nisi
599 522 670 559 tntae
682 506 776 560 flamma
786 524 901 562 novetcae
914 509 924 559 ἓ

223 580 322 631 Nobilis
338 578 373 630 est
389 580 486 631 Canace
502 581 583 631 fratris
599 596 682 631 amore
699 578 753 630 sui.'
778 577 781 582 ’
838 574 843 582 ’

188 651 255 716 Quid
267 651 278 702 ἒ
292 669 345 712 non
353 651 515 713 Tantalides,
534 653 640 721 agitante
651 652 771 717 Cupidine
782 672 866 709 curtus
878 690 886 716 ‚
907 658 957 723 385

224 724 323 776 Pisaeatn
337 724 446 794 Phrygiis
462 728 530 777 rexit
544 728 649 777 eburnus
667 726 757 791 equis?

186 799 308 865 Tingetet
321 810 350 850 ut
363 800 454 850 sertum
467 804 579 851 natoruin
592 798 706 865 sanguine
722 812 816 861 mater,
905 810 908 817 ’

225 871 344 923 concitus
359 890 373 921 a
389 874 447 924 laesn
462 873 529 923 iecit·
539 888 623 923 amore
640 868 728 922 dolor.'

102 942 105 948 '
186 946 258 996 Fecit
272 962 340 997 amor
357 945 444 997 subitas
456 948 570 997 volucres
587 946 744 1009 compellite
760 964 862 1015 regem,

223 1018 337 1083 Quaeque
351 1018 418 1069 suurn
433 1020 502 1087 luget
516 1036 581 1069 nunc
598 1034 694 1086 qunque
710 1033 787 1071 mater
802 1022 868 1089 Ityn.
908 1034 959 1087 390

186 1090 214 1141 si
230 1107 281 1141 non
296 1087 408 1156 AEropen
423 1091 498 1142 stater
515 1092 647 1143 sceleratus
663 1090 777 1153 amasset¹

223 1162 332 1215 Aversor
347 1164 411 1214 Solis
427 1180 477 1215 non
491 1167 628 1233 legeremus
645 1181 731 1232 equos.

185 1237 263 1302 impia
280 1252 328 1285 nec
341 1237 447 1303 tragicos
463 1237 577 1303 tetigisset
595 1238 676 1305 Scylla
692 1239 845 1297 cothurnos,

223 1308 257 1358 Ni
271 1306 372 1373 patrium
388 1310 480 1360 crinem
494 1310 634 1361 desecuisset
649 1324 726 1363 atuor.

185 1380 237 1445 Qui
252 1381 313 1447 segis
327 1382 458 1441 Elesiran,
476 1384 503 1433 dt
518 1396 632 1451 egentem
646 1384 732 1434 mentis
745 1382 869 1442 Oresten,
907 1396 956 1449 395

221 1451 333 1521 AEgysshi
348 1456 440 1505 crimen
452 1455 656 1523 Tyndaridosque
673 1456 744 1521 legis.
1044 1462 1053 1477 ⁸

184 1528 249 1577 Nam
265 1526 324 1593 qin'd
338 1527 370 1577 de
384 1528 475 1577 tetrico
491 1527 595 1577 reseram
612 1526 732 1577 domitore
749 1525 894 1588 Chimera,

221 1600 304 1664 Quem
314 1600 372 1650 leto
384 1601 459 1650 sallas
474 1600 568 1666 hospita
579 1616 649 1665 paene
660 1596 756 1650 dedit?

107 1686 112 1697 ·
184 1673 253 1738 Quid
264 1674 349 1738 loquar
360 1672 512 1723 Hermionen
523 1672 534 1722 ἓ
546 1673 603 1740 quid
612 1686 639 1723 te
650 1705 658 1733 ,
669 1668 800 1723 Schoeneia
810 1672 880 1741 virgo
891 1671 902 1723 ἓ

219 1745 329 1811 Teque,
346 1746 480 1813 Mycenaeo
495 1745 598 1798 Phoebas
614 1757 693 1797 amota
709 1742 787 1796 ducii
904 1762 956 1809 400

97 1861 98 1876 ,
112 1853 115 1857 -
182 1818 252 1885 Quid
262 1819 367 1869 Danain
375 1819 522 1887 Dana'e‘sque
533 1837 617 1871 nutum
629 1853 637 1881 ,
651 1831 800 1886 matremque
811 1817 878 1885 Lyaei
889 1817 900 1869 d

218 1891 409 1957 Haemonaque,
427 1892 453 1942 δι
468 1893 551 1944 nostes
566 1894 606 1943 cui
622 1892 708 1943 coiere
725 1890 805 1942 duas?

183 1965 379 2033 Quidgenerum
387 1962 480 2013 Peliae?
492 1966 548 2030 quid
555 1962 668 2014 Thesea?
679 1966 767 2030 quidve
778 1964 899 2033 Pelasgum
910 1998 917 2024 ,

217 2039 317 2089 iliacam
332 2036 416 2103 tetigit
430 2036 471 2102 qui
485 2048 539 2085 rate
554 2037 773 2103 primus’hutnum?

180 2112 238 2161 Huc
248 2111 304 2161 lole
316 2142 326 2169 ,
339 2107 474 2176 Pyrrhique
483 2116 569 2175 parens
581 2142 589 2167 ,
601 2109 649 2159 huc
659 2109 771 2162 Herculis
781 2126 861 2171 uxot,
900 2126 951 2175 405

217 2184 274 2235 Huc
288 2182 394 2233 accedat
409 2182 504 2249 Hyles,
522 2182 658 2251 Iliadesque
673 2200 743 2249 puer.
772 2208 775 2215 ·

181 2257 306 2324 Tempore
323 2253 441 2313 deficiat,
455 2256 560 2323 tragicos
574 2253 595 2307 s'i
610 2254 738 2325 persequar
753 2256 821 2323 ignes
833 2273 843 2317 ;

218 2332 317 2397 Vixque
333 2344 402 2379 meus
417 2328 496 2395 capiat
510 2328 607 2377 nomina
622 2328 685 2380 nuda
700 2330 770 2379 liber.

181 2401 222 2453 13st
238 2403 304 2455 &in
320 2402 439 2454 obscenos
453 2401 546 2451 deflexa
562 2401 692 2469 Tragoedia
705 2401 783 2459 risus,

218 2470 348 2541 Multaque
363 2473 481 2540 praeteriti
496 2476 570 2524 verba
584 2475 683 2540 pudoris
698 2474 780 2532 habet.
898 2489 951 2538 410

97 2541 98 2550 ¹
179 2550 235 2599 Nec
251 2560 328 2601 nocet
342 2547 452 2605 authori,
468 2549 567 2597 mollem
582 2549 623 2613 qui
638 2546 697 2597 secit
714 2546 833 2599 Achillem
846 2580 855 2607 .

110 2680 113 2686 ,
217 2606 341 2689 lnsregisl'e
355 2620 401 2671 suis
416 2620 491 2670 sortia
506 2619 567 2669 fasta
582 2618 671 2669 modis.

181 2695 268 2747 Junxit
285 2692 399 2744 Aristides
415 2693 514 2744 Milesia
530 2692 628 2741 crimina
644 2692 743 2743 secum:

217 2766 301 2817 Pulsus
316 2766 430 2817 Aristides
445 2783 492 2816 nec
508 2777 590 2815 tamen
603 2766 663 2817 urbe
677 2765 727 2815 suh.

180 2842 255 2898 Nec,
273 2840 315 2905 qui
331 2838 454 2904 descripsit
470 2838 591 2916 corrumpi
603 2836 693 2889 semina
709 2846 830 2895 matrum,
895 2848 948 2903 415

218 2912 310 2963 Eubius
320 2946 329 2972 ,
338 2912 445 2979 ‘imputa
462 2912 575 2963 conditor
589 2910 705 2961 historie.

181 2986 236 3036 Nec
251 2985 294 3052 qui
308 2984 443 3051 composuit
457 3001 535 3051 nuper
550 2982 706 3051 Sybaridda,
725 2979 808 3048 sugit:

217 3060 273 3110 Nec
289 3059 331 3125 qui
346 3057 490 3111 concubitus
503 3074 555 3109 nott
568 3052 667 3109 tacuele
684 3056 749 3109 suos.

249 3130 336 3183 Tomos
353 3128 420 3183 ΙΙΙ.
456 3174 459 3178 ,
835 3124 848 3185 l
