2367 3942
266 382 561 473 Fastorum
587 402 694 473 Lau.
720 404 804 477 III.
857 349 904 503 83

191 526 232 577 An
249 525 323 591 quia,
342 522 396 573 crim
411 522 482 589 prisci
499 523 611 573 colerent
623 520 752 573 studiosius
768 540 860 593 agros,

230 597 263 647 Et
276 598 355 664 patrio
371 596 464 646 faceret
478 612 534 645 rure
551 596 656 646 Senator
671 612 750 662 opus,
916 600 969 664 780

194 672 227 722 Et
244 668 436 739 caperet'sasces
452 686 467 718 a
482 684 557 719 curvo
574 668 657 719 consul
672 682 772 729 aratro,
822 735 824 738 Ι

231 745 286 794 Nec
304 745 395 794 crimen
410 744 480 793 ‹luras
496 742 556 793 esset
568 744 659 793 habere
673 759 777 802 manus3

193 816 308 868 Rusticus
323 818 352 867 ad
368 816 439 866 ludos
453 818 557 883 populus
573 816 689 867 veniebat
701 818 729 867 'in
744 816 860 870 Urbem?

232 891 283 941 Sed
297 890 363 948 Dis,
383 906 432 939 non
446 888 526 940 studiis
539 890 582 939 illc
600 890 700 940 dabatur
716 891 806 943 bonos.

193 964 262 1015 Luce
280 963 321 1014 sui
337 964 406 1013 ludos
421 979 473 1013 uvae
489 976 642 1013 commentor
654 960 777 1023 habebat,
915 965 968 1031 785

233 1036 306 1101 Quos
322 1053 374 1087 cum
390 1036 499 1087 taediserb
514 1054 578 1087 nunc
596 1038 669 1087 habet
684 1037 733 1104 ipse
749 1037 815 1089 Dei.

196 1111 284 1179 Ergo,
300 1123 328 1161 ut
343 1111 448 1161 tironum
465 1111 590 1161 celebrare
607 1110 742 1179 frequentia
759 1110 855 1179 possit,

232 1184 291 1236 Visa
307 1184 358 1234 dies
373 1185 456 1234 dandae
470 1200 520 1235 non
534 1184 612 1234 aliena
626 1196 702 1253 togae.

196 1258 262 1308 Mite
274 1291 281 1317 ,
294 1256 365 1309 Pater
376 1292 384 1316 ‚
397 1268 469 1324 caput
479 1258 526 1308 buc
537 1292 544 1317 ‚
556 1259 700 1325 placatoque
711 1270 801 1309 cornua
812 1293 819 1316 ,
830 1271 912 1309 vertas
925 1277 933 1317 3

234 1330 265 1380 Et
281 1331 322 1382 des
338 1331 509 1399 ingenio‘uela
522 1332 627 1381 secunda
642 1347 709 1381 meo.
917 1348 971 1397 790

195 1405 249 1455 Itur
262 1403 294 1453 ad
308 1406 424 1471 Argeos,
442 1400 506 1468 (qui
519 1404 586 1461 siut,
604 1404 645 1453 sua
657 1404 744 1471 pagina
757 1404 844 1473 dicet)

234 1477 306 1535 Hac,
326 1479 347 1528 si
365 1476 537 1531 commemini,
553 1476 724 1541 praeteritique
742 1478 792 1527 die.

198 1552 274 1602 Stella
289 1550 437 1617 Lycaoniam
453 1549 532 1615 vergit
548 1548 664 1615 proclinis
679 1548 709 1597 ad
724 1548 816 1599 Arslon

234 1624 329 1674 Miluus
342 1638 348 1674 :
361 1624 414 1671 haec
431 1621 472 1671 tua
489 1620 560 1671 nosle
575 1622 680 1672 videnda
696 1625 773 1673 venit.

199 1698 266 1763 Quid
273 1695 375 1747 'dederit
385 1695 480 1746 volucri
491 1729 498 1754 ,
515 1692 537 1747 si
546 1695 582 1746 vis
596 1696 744 1765 cognoscere
756 1732 764 1757 ,
782 1698 889 1758 coelum
919 1712 971 1764 795

236 1772 352 1821 Saturnus
366 1770 446 1837 regnis
462 1770 491 1819 ab
505 1768 568 1822 Jove
583 1771 664 1837 pulsus
679 1783 741 1821 erat.

200 1845 318 1895 Concitat
334 1844 407 1893 iratur
424 1843 516 1894 validos
532 1844 633 1895 Titanas
648 1844 674 1893 iri
690 1862 773 1903 arma,

128 1947 132 1954 -
236 1918 349 1985 Quaeque
364 1918 411 1967 suit
425 1918 479 1967 satis
495 1918 595 1974 debita,
614 1918 694 1982 poscit
709 1934 791 1983 opem.

200 1992 281 2042 Matre
298 1991 362 2040 satus
375 1990 474 2044 Tetri,
493 1988 622 2039 monstrum
636 1990 763 2050 mirabile,
781 2002 863 2042 taurus

235 2050 308 2114 Parie
326 2062 360 2111 sui
376 2062 473 2127 serpens
488 2061 622 2127 posteriore
638 2062 693 2112 suit.
923 2064 975 2116 800

104 2198 105 2203 ¹
200 2136 272 2187 Hunc
289 2136 381 2202 triplici
398 2150 467 2185 muto
481 2135 542 2184 lucis
559 2134 687 2185 incluserat
701 2135 780 2195 atris,

239 2210 368 2261 Parcarum
383 2209 494 2268 monitu,
513 2209 576 2277 Styx
591 2209 700 2260 violenta
712 2244 719 2268 ‚
733 2211 816 2262 trium.
919 2270 927 2280 ‚

203 2283 305 2339 Viscera
320 2284 361 2351 qui
378 2284 440 2333 tauri
455 2283 555 2332 slammis
569 2283 688 2333 adolenda
703 2284 822 2343 (ledisset,

239 2358 297 2407 Sors
313 2371 387 2416 erat,
406 2368 511 2407 aternos
525 2356 626 2407 vincere
641 2356 707 2423 posse
722 2358 803 2409 Deos.

203 2432 314 2481 lmmolat
327 2432 393 2480 hunc
406 2430 519 2481 briareus
535 2428 598 2481 fasti
611 2446 643 2481 ex
657 2431 781 2501 adaquare
797 2432 891 2485 securi:
924 2434 975 2498 805

241 2504 273 2553 Et
287 2501 333 2569 jam
347 2504 395 2571 jam
410 2503 509 2555 flammis
522 2515 580 2554 exta
596 2504 694 2554 daturus
709 2519 770 2555 erat.

205 2576 317 2643 Iuppiter
333 2578 428 2627 alitibus
444 2586 529 2642 rapere
545 2577 648 2645 imperat
659 2579 759 2629 :attulit
772 2578 808 2630 illi

242 2648 334 2700 Miluus
347 2666 354 2700 a
367 2651 393 2702 u
408 2651 499 2701 meritis
516 2651 622 2702 venitin
638 2651 697 2701 alita
714 2653 770 2702 suis.

104 2796 105 2801 ¹
207 2722 293 2775 UNA
310 2724 361 2773 dies
375 2725 452 2775 media
468 2724 520 2783 est,
539 2724 639 2775 &fiunt
654 2726 717 2776 sacra
732 2727 873 2785 Minervae;
915 2713 918 2720 ¹

245 2797 397 2863 Nominaque
412 2814 425 2845 a
440 2797 526 2864 junslis
542 2798 649 2866 'quinque
667 2800 751 2851 diebus
766 2802 866 2849 liabent.
930 2799 982 2849 810

210 2869 331 2937 Sanguine
346 2871 421 2935 prima
436 2883 525 2921 vacat:
541 2889 585 2922 nec
601 2874 637 2923 sas
654 2888 801 2923 concurrere
816 2873 892 2923 ferro.

249 2942 345 3000 Causa,
365 2944 430 3008 quod
446 2945 479 2994 est
494 2944 535 2995 illi
551 2958 608 2996 nata
622 2946 736 2996 Minerva
752 2946 800 2996 die.
926 3005 928 3010 ¹

212 3012 316 3073 Altera,
335 3028 437 3081 tresque
452 3018 521 3083 super
534 3018 604 3069 strati
619 3022 775 3069 celebrantur
788 3016 871 3070 areni.

249 3090 352 3143 Ensibus
369 3088 468 3141 exsertis
482 3092 570 3157 bellica
585 3094 640 3144 latta
654 3093 711 3143 Dea
725 3092 767 3143 esi.

815 3162 840 3211 D
855 3161 880 3229 vj
