2367 3942
301 452 374 525 114
427 438 470 503 P.
498 434 691 505 Orion
717 431 945 507 Nasonis

296 556 387 604 Donec
396 554 504 615 Honor,
516 544 661 621 placidoque
676 556 766 605 decens
779 554 928 621 Reverentia
941 561 1010 611 vultu

333 628 445 693 Corpora
458 630 571 695 legitimis
584 628 721 693 imposuere
734 628 804 677 toris.

254 714 285 761 25
297 700 362 749 Hinc
373 700 422 751 iata
430 702 563 765 Maiestasr
577 703 622 751 bos
633 702 667 751 esi
677 704 732 752 Dea
744 702 813 751 censa
823 716 953 768 parentes:

334 774 438 841 Quique
452 776 491 825 die
504 788 574 841 partu
589 774 624 823 eu
638 776 721 831 edita,
743 792 826 843 magna
845 776 898 827 fuit.

296 850 350 897 Nec
364 866 447 900 mora:
466 848 575 899 consedit
589 848 671 897 medio
687 848 788 897 sublimis
804 848 932 916 Olympo,
949 846 952 851 ’

333 921 430 981 Aurea,
444 940 568 991 purpureo
582 922 753 988 conspicienda
762 922 825 971 sinu.
893 968 900 977 ‚

298 994 439 1045 Consedere
451 998 521 1046 simui
532 996 615 1046 Pudor
631 996 657 1045 δι
670 996 772 1045 Metus:
788 1012 860 1045 omne
871 997 970 1050 videres

255 1080 287 1129 30
333 1070 430 1119 Numen
442 1071 473 1119 ad
485 1072 546 1119 hanc
561 1071 639 1119 cuitus
653 1068 807 1134 composuiise
825 1068 890 1119 suos.

298 1141 410 1192 Protinus
422 1145 521 1193 intravit
534 1155 628 1193 mentes
643 1140 769 1208 iuspediue
778 1144 914 1193 honorumt
1004 1170 1009 1181 ·

334 1216 373 1265 Fit
383 1218 487 1282 pretium
498 1216 575 1284 dignis
585 1234 594 1273 ;
607 1232 652 1265 nec
666 1216 711 1265 sibi
723 1216 820 1282 quisque
834 1218 942 1281 puger„

298 1288 347 1339 Hic
357 1290 429 1339 status
440 1291 463 1339 in
476 1292 540 1339 corio
552 1290 640 1339 multos
652 1289 781 1355 permansit
792 1288 817 1337 in
828 1306 904 1339 annos
914 1323 923 1348 ‚

333 1363 399 1413 Dum
415 1365 494 1413 senior
506 1365 560 1413 fatis
575 1364 666 1413 excidit
681 1380 738 1413 arce
752 1363 832 1427 Deus.
873 1354 876 1359 ’

254 1446 284 1495 35
297 1435 376 1485 Terra
386 1437 452 1487 feror
462 1450 560 1503 partus,
573 1437 683 1487 immania
693 1437 810 1495 monstra,
827 1434 946 1503 Gigantas
956 1471 964 1496 ,

334 1508 433 1569 Edidit,
450 1512 553 1579 ausuros*
560 1512 585 1559 in
600 1510 666 1562 Jovis
681 1510 715 1559 ire
729 1510 834 1559 domum.

297 1581 369 1631 Mille
382 1600 464 1635 manus
477 1584 523 1635 iliis
538 1585 623 1641 dedit,
642 1585 668 1633 dt
682 1599 727 1648 pro
743 1582 851 1633 cruribus
865 1598 973 1650 angues:

334 1657 416 1720 Atque
430 1658 483 1714 ait,
503 1659 528 1705 in
543 1672 643 1725 magnos
660 1672 723 1705 arma
740 1669 837 1705 movete
851 1656 932 1705 Deos.

296 1727 422 1778 Exstruere
436 1730 460 1777 hi
475 1740 570 1777 montes
586 1730 617 1775 ad
633 1729 711 1777 sidera
725 1728 811 1778 summa
822 1731 954 1793 parabant,

251 1814 286 1859 40
334 1801 365 1849 Et
375 1818 485 1867 magnum
495 1803 561 1849 bello
572 1800 693 1849 solicitare
704 1796 803 1851 J'overn.
878 1801 881 1807 '

296 1873 401 1921 Fulmina
415 1876 446 1923 de
460 1874 516 1922 coli
528 1872 647 1938 jaculatus
660 1872 771 1939 luppiter
784 1889 840 1922 arce

332 1947 414 1996 Vertit
428 1948 451 1995 in
465 1947 575 1997 audiores
589 1943 699 2011 pondera
715 1945 778 1995 vasta
787 1946 857 1997 duos.
899 1952 902 1964 '

296 2019 341 2068 His
355 2022 418 2070 bene
433 2019 546 2086 Maiestas
560 2021 631 2070 amris
648 2019 745 2069 defensa
758 2019 869 2069 Deorum

331 2093 430 2145 Reiiat:
449 2094 474 2145 &
489 2111 520 2144 ex
533 2094 576 2144 iiio
589 2107 700 2160 ternpore
717 2092 783 2143 firma
798 2104 889 2142 manet.

249 2181 265 2225 4
268 2182 283 2228 5
294 2165 395 2217 dissidet
406 2170 446 2217 iila
460 2167 536 2219 iovi:
551 2168 621 2219 Jovis
634 2167 667 2216 est
680 2166 792 2216 fidissima
809 2165 906 2218 custos:
1008 2204 1011 2211 .

334 2240 363 2289 Et
377 2241 470 2307 prestat
485 2242 536 2290 sine
553 2242 577 2290 vi
596 2242 687 2304 sceptra
701 2238 826 2287 tremenda
843 2238 912 2289 iovi.

292 2314 370 2365 Venit
384 2315 410 2363 δι
424 2315 449 2363 in
463 2326 559 2364 terrast
577 2314 705 2362 coluerunt
721 2310 839 2360 Romulus
858 2310 923 2359 iilum

330 2388 361 2436 Et
377 2389 474 2437 Numa:
494 2403 550 2437 mox
565 2386 622 2442 aiii,
641 2396 751 2449 tempore
769 2384 870 2450 quisque
886 2382 941 2437 suo.

293 2459 336 2509 liia
351 2472 433 2524 patres
447 2460 472 2508 in
485 2460 581 2508 honore
592 2458 634 2525 pio
650 2469 788 2523 matresque
802 2468 886 2506 tuetur
898 2474 905 2507 ε
1010 2458 1014 2467 ‘

251 2546 282 2590 50
329 2534 372 2582 llla
387 2548 469 2582 comes
484 2532 565 2597 puerit
579 2530 758 2599 virginibusque
774 2531 850 2581 venit.

293 2606 337 2655 iila
350 2606 418 2656 datos
431 2604 507 2654 fasces
518 2604 690 2663 commendat,
705 2606 813 2671 eburque
825 2604 930 2655 curule:
951 2628 955 2637 ·

329 2679 371 2727 lila
384 2679 506 2728 coronatis
518 2679 566 2729 alta
577 2678 707 2744 triumphat
716 2678 798 2744 equis.

181 2760 192 2771 ·
293 2749 398 2801 Finierat
407 2768 483 2801 voces
496 2752 655 2819 Polyhymnia
665 2768 672 2800 τ
686 2752 745 2801 dieta
755 2752 888 2815 probarunt

330 2824 451 2893 Clioque,
468 2826 493 2875 bt
506 2842 585 2875 cutvae
601 2826 658 2874 scita
672 2823 759 2873 Thalia
777 2826 845 2890 lyrae.

250 2912 261 2960 5
269 2912 279 2961 5
292 2898 389 2963 Excipit
398 2898 491 2949 Uranie
504 2915 513 2949 τ
526 2900 611 2948 iecere
623 2898 719 2948 silentia
729 2894 818 2947 eundae
830 2914 840 2955 ς

330 2972 361 3021 Et
372 2990 422 3022 vox
432 2973 508 3022 audiri
518 2973 600 3030 nulla,
613 2971 657 3022 nisi
667 2970 707 3019 illa
718 2970 805 3036 potest.
897 3003 904 3015 r

292 3045 382 3113 Magna
399 3046 445 3096 fuit
459 3046 579 3112 quondam
594 3044 677 3112 capitis
696 3044 833 3094 reverentia
847 3041 920 3102 rani,
1009 3080 1014 3087 .

330 3120 405 3187 inque
423 3119 467 3171 suo
483 3121 563 3187 pretio
577 3135 637 3187 ruga
653 3118 734 3171 senilis
751 3130 815 3169 eraut
