2367 3942
297 457 372 508 212
418 437 462 506 P.
489 411 679 504 Orion
698 435 937 523 nNAsours

270 568 1005 678 «Εε--ἐῆἓξ--κ-ἑθ

403 686 658 752 ELEGIA
699 686 843 750 VIII.

268 779 401 900 Nune
410 844 606 914 egoTriptolerni
614 861 729 911 cuperem
738 845 904 898 conscendere
912 865 1009 907 currus,

332 919 402 969 Misit
419 919 444 970 in
460 921 567 987 ignotam
582 920 622 984 qui
639 920 699 968 rude
716 919 798 968 femen
813 919 931 974 humumt

296 992 367 1042 Nunc
382 1008 430 1060 ego
444 993 542 1042 Medeae
558 993 649 1042 vellem
665 992 762 1042 frenare
778 991 916 1052 dracones,

333 1063 405 1128 Quos
420 1065 505 1115 habuit
519 1064 614 1131 fugiens
629 1081 703 1122 arce,
719 1064 859 1123 Corinthe,
873 1065 936 1118 tuit

271 1137 369 1200 5Nunc
386 1154 434 1205 ego
450 1136 572 1204 jaiianrlas
586 1149 697 1204 optarem
714 1138 806 1187 sumere
822 1153 913 1203 pennas
926 1171 936 1199 ,

332 1209 391 1261 Sive
406 1225 479 1269 tuas,
497 1209 608 1268 Perfeur
626 1209 747 1267 Dredale,
765 1209 817 1260 sive
832 1222 908 1261 tuas:

294 1282 350 1341 Ut,
367 1283 454 1334 teneri
467 1281 555 1334 nostris
571 1281 676 1332 cedente
691 1283 813 1334 volatibus
827 1282 907 1342 atui,

334 1356 473 1421 llfpicerem
490 1354 573 1421 patrie
590 1355 663 1405 dulce
680 1367 783 1421 repente
800 1355 897 1406 folum:

196 1437 203 1450 ·
296 1427 456 1494 Desertaeque
470 1428 554 1478 domis
569 1429 682 1485 vultum,
697 1444 864 1494 memoresque
878 1427 990 1488 sodales,

255 1513 287 1549 ιο
336 1500 447 1567 Curaque
461 1499 584 1566 precipue
600 1498 710 1567 conjugis
728 1517 770 1551 ora
786 1501 854 1552 mini.
876 1527 878 1530 ·

297 1573 396 1633 Stulte,
413 1573 470 1639 quid
486 1589 503 1623 o
516 1562 523 1622 I
535 1572 621 1624 frufira
634 1573 699 1622 votis
714 1573 844 1638 puerilibus
861 1585 931 1640 optas
944 1607 951 1632 ,

335 1644 398 1710 Quae
414 1663 464 1697 non
478 1646 527 1696 ulla
541 1645 617 1705 tulit,
634 1645 749 1711 fertque,
767 1647 879 1712 feretque
897 1645 973 1696 dies?

296 1717 323 1768 Si
340 1716 413 1768 semel
427 1719 559 1788 optandum
571 1718 623 1778 est,
640 1717 771 1786 Augustum
785 1735 874 1769 numen
887 1719 986 1772 adorat

332 1791 365 1842 Et
380 1807 452 1856 quern
466 1790 563 1847 laesifii,
580 1791 628 1840 rite
644 1807 763 1856 precare,
779 1791 873 1842 Deum.
896 1805 900 1812 ·

256 1877 286 1927 15
299 1862 345 1914 ilie
361 1863 407 1914 tibi
421 1878 561 1929 pennasque
577 1862 657 1928 potest
672 1879 803 1929 currusque
819 1865 937 1916 volucres

333 1935 464 2004 Tradere:
478 1935 521 1988 det
535 1935 660 1997 reditum,
675 1937 786 2004 protinus
799 1937 849 1988 ales
867 1937 927 1988 etis.

297 2007 324 2077 §i
334 2024 422 2075 pretet
430 2010 505 2069 haec,
523 2009 679 2078 nequeenim
691 2010 782 2079 possim
790 2009 882 2076 meiora
891 2009 990 2077 preceri
1003 2044 1014 2071 ,

334 2082 373 2132 Ne
389 2099 444 2133 mea
457 2084 507 2134 sint
521 2084 599 2136 timeo
612 2096 672 2135 rota
686 2082 900 2151 modestaparunt·

296 2153 407 2207 Forsitan
420 2157 470 2207 hoc
484 2156 562 2216 oiim,
576 2157 630 2208 crim
647 2157 670 2206 fe
685 2156 807 2206 satiaverit
821 2156 876 2216 ira,

253 2239 288 2274 20
336 2227 401 2278 Tum
418 2246 516 2296 quoque
529 2229 622 2280 soliciti
638 2241 719 2277 mente
734 2229 856 2294 rogandus
871 2227 927 2280 etit.

297 2299 373 2363 Quod
387 2301 465 2352 minus
476 2304 569 2352 interea
584 2299 636 2359 est,
651 2299 721 2352 instat
733 2301 793 2350 mihi
802 2302 908 2352 muneris
918 2301 1014 2366 ampli,

332 2373 370 2424 Ex
386 2374 424 2423 his
440 2391 479 2424 rne
493 2373 578 2439 jubeat
596 2371 709 2440 quolibet¹
721 2371 757 2424 ire
773 2374 846 2424 locis.

294 2446 462 2506 Necooelum,
472 2463 519 2495 nec
529 2463 597 2510 aquae
607 2446 699 2495 faciunt
707 2477 717 2504 ,
726 2463 773 2496 nec
783 2460 863 2503 terra,
873 2459 919 2496 nec
930 2460 1013 2504 aurae5

331 2517 363 2568 Et
376 2516 433 2565 mihi
448 2529 582 2583 perpetuus
596 2533 700 2582 corpora
716 2520 818 2586 languor
832 2519 916 2574 habet.

252 2604 284 2650 25
299 2590 347 2640 Seu
365 2588 451 2638 vitiant
465 2599 531 2638 artus
547 2603 618 2655 segra
633 2590 746 2657 contagia
759 2590 865 2646 mentiss

331 2660 388 2710 Sive
405 2660 452 2708 mei
470 2659 539 2710 causa
556 2661 631 2712 estin
649 2663 748 2729 regione
765 2662 841 2710 mali:

297 2733 333 2782 Ut
346 2731 416 2798 tetigi
429 2729 553 2790 Pontum,
570 2723 660 2784 vexan't
675 2733 790 2782 insomnia
801 2748 810 2789 ;
826 2731 919 2798 vixque

333 2804 469 2870 Offategit
485 2805 593 2864 macies,
612 2821 658 2854 nec
674 2804 742 2869 juvat
758 2819 800 2852 ora
818 2803 899 2854 cibus.

298 2875 396 2944 Quique
411 2893 456 2942 per
471 2888 613 2926 autumnum
630 2875 749 2942 percussis
766 2875 858 2943 frigore
873 2876 954 2942 primo
988 2893 992 2902 ’

253 2965 286 3014 30
333 2950 374 3000 Eu
389 2951 459 3000 color
473 2949 499 2999 in
514 2948 598 3006 foliis,
617 2964 670 3014 quae
683 2963 748 2998 nova
765 2949 828 2999 lesit
844 2948 943 3007 hiems;

297 3024 322 3074 ls
336 3037 390 3072 mea
403 3024 508 3072 membra
523 3022 602 3071 te'net.
621 3020 675 3071 Nec
689 3013 781 3072 viribus
794 3023 887 3072 allevor
903 3024 979 3081 ullis,

333 3095 365 3146 Et
379 3111 506 3165 numquam
522 3090 618 3162 queruli
633 3093 704 3146 cause
718 3094 811 3148 doloris
824 3092 898 3148 abeli.
