2367 3942
261 441 554 518 anrrrunr
579 435 681 508 Lrn.
712 441 753 507 V.
803 455 880 527 249

176 569 909 644 ‹ssfflfffflssaen

320 688 612 753 vxELEGIA
651 691 746 754 111.

171 787 254 903 Ira
264 861 284 901 Α
303 849 358 900 dies
375 848 429 898 haee
446 847 500 909 eli,
517 847 565 916 qui
580 860 607 899 te
624 851 747 900 celebrate
763 852 862 916 po'e'tae,

203 924 229 974 Si
242 919 320 974 modd
334 939 385 972 non
398 921 484 972 fallunt
499 930 626 988 tempora,
642 923 755 982 bacche,
772 923 868 976 solent:

168 997 285 1063 festaque
302 994 413 1045 odoratis
429 994 552 1045 innestunt
566 1006 676 1062 tempora
692 997 780 1056 sertis,

202 1069 235 1119 Et
251 1069 341 1118 dicunt
354 1067 438 1117 laudes
452 1067 483 1116 ad
499 1081 541 1116 tua
553 1068 610 1117 vina
627 1081 691 1119 tuas.

168 1142 234 1194 Inter
247 1157 330 1209 mooe,
343 1140 459 1198 memini,
475 1140 531 1188 dum
544 1156 583 1189 me
599 1157 652 1190 mea
668 1142 717 1193 iata
731 1142 862 1204 sinebant,
890 1156 903 1208 5

203 1217 263 1265 Non
279 1213 356 1264 invisa
371 1212 416 1262 ribi
431 1229 486 1278 pare
502 1228 551 1280 ego
566 1213 628 1280 saepe
643 1215 698 1274 fui;

168 1286 251 1352 Quem
266 1303 336 1336 nunc
351 1287 499 1352 suppositum
514 1286 586 1335 stellis
606 1285 771 1354 Cynosuridos
787 1288 859 1340 Ursae

204 1361 218 1413 J
221 1359 292 1410 untia
307 1370 379 1410 tenet
395 1359 474 1409 cnidis
488 1359 601 1409 Sarmatia
616 1375 659 1410 ora
674 1361 758 1412 Getis.

168 1433 270 1500 Quique
284 1433 352 1498 prius
367 1434 484 1490 mollem,
500 1447 648 1498 vacuamque
663 1435 805 1494 laboribus,
824 1429 885 1503 egis
928 1479 931 1490 ,

206 1507 235 1556 ln
252 1505 334 1556 liudiis
350 1506 425 1555 vitam
441 1504 608 1570 Pieridumque
626 1506 722 1564 cltorot
893 1521 927 1556 ιο

170 1580 243 1629 Nunc
260 1580 348 1645 procul
366 1595 379 1627 a
395 1579 472 1644 patria
489 1578 584 1629 Geticis
603 1578 766 1629 circumsonor
781 1579 870 1638 armis,

206 1649 372 1718 Multapriin
387 1653 494 1718 pelago,
510 1653 634 1717 multaque
649 1651 726 1718 pallus
742 1651 825 1704 humo.

171 1724 228 1775 Sive
243 1723 304 1772 mihi
318 1725 405 1782 casus,
425 1727 478 1774 sive
493 1725 542 1773 hoc
561 1724 629 1774 dedit
646 1725 682 1776 ira
699 1726 831 1782 Deorum,

207 1797 298 1847 Nubila
312 1797 420 1846 nascenti
437 1797 478 1847 seu
495 1797 552 1846 mibi
563 1796 639 1848 Parca
655 1799 717 1850 fult:

171 1870 211 1919 Tu
226 1882 310 1919 tamen
323 1886 338 1919 e
355 1869 431 1919 lacrie
440 1871 537 1920 hederae
551 1871 686 1924 cultoribus
699 1887 775 1924 unum
894 1885 906 1922 r
912 1885 925 1934 ς

207 1942 315 1992 Numine
332 1941 450 1993 debueras
466 1943 592 1994 lullmuill'e
610 1956 664 1996 nro.

174 2015 233 2073 An,
253 2015 360 2065 dominae
372 2016 416 2065 lati
431 2016 546 2082 quidquid
560 2017 674 2066 cecinere
689 2018 813 2074 Sorores,
891 2041 894 2046 ¹

209 2088 296 2139 Omne
310 2087 353 2136 t'ub
365 2089 464 2140 arbitrio
479 2087 569 2137 desinit
582 2087 631 2138 elie
646 2083 749 2138 Delum?

173 2161 228 2226 lpse
242 2175 342 2227 quoque
357 2162 476 2211 aethereas
491 2160 583 2226 meritis
599 2161 706 2212 invedius
722 2175 748 2212 et
762 2175 851 2219 ποεῖς

210 2233 268 2297 Qud
284 2249 335 2283 non
350 2233 438 2300 exiguo
454 2234 514 2284 fana
532 2235 617 2284 labore
631 2234 670 2284 via
686 2233 730 2286 ell.
835 2251 838 2256 ¹
894 2248 930 2286 eo

173 2307 230 2356 Nec
247 2306 325 2371 patria
340 2305 373 2355 eli
387 2308 493 2356 habitata
508 2308 552 2356 tibi
565 2325 574 2364 ς
589 2307 630 2358 sed
647 2308 678 2357 ad
692 2325 769 2374 usque
786 2307 895 2358 nivosum

210 2379 342 2446 Strymona
354 2379 458 2438 venisti,
477 2380 681 2447 Marticolamque
698 2379 807 2432 Geren:

174 2451 342 2518 Persidaque,
361 2452 448 2504 &lato
467 2453 609 2519 spatiantem
623 2454 720 2505 flumine
736 2452 862 2524 Gangen,
895 2501 902 2512 ,

211 2524 244 2575 Et
260 2523 420 2590 quascumque
436 2526 497 2586 bibit
512 2527 613 2578 decolor
628 2527 701 2578 indus
716 2545 799 2596 aquas.

175 2598 276 2648 Scilicet
291 2598 354 2648 banc
368 2601 466 2666 legem,
486 2613 572 2649 nentes
588 2600 670 2650 laralia
688 2600 769 2652 Parce
895 2613 929 2666 υ

212 2668 337 2729 Stamina,
354 2671 389 2720 bis
405 2672 491 2738 genito
505 2672 541 2721 bis
557 2672 670 2724 cecinere
686 2673 740 2723 tibi.
868 2683 872 2690 '
891 2683 895 2690 “

174 2741 221 2793 Me
237 2758 356 2810 quoque,
377 2743 398 2793 si
413 2745 450 2793 fae
466 2743 500 2794 est
513 2746 630 2812 exemplis
645 2745 681 2797 ire
696 2747 826 2806 Deorum,
898 2779 917 2803 ⁴.

212 2815 303 2866 Ferrea
317 2815 368 2865 sors
383 2816 441 2866 vitae
457 2815 608 2885 difficilisque
624 2821 721 2886 premit.

175 2886 225 2938 lllo
240 2905 287 2937 nec
303 2887 382 2938 levius
397 2890 496 2949 cecidi,
516 2907 587 2958 quem
599 2909 683 2960 magna
699 2893 810 2942 locutum

211 2960 343 3027 Repulit,a
355 2961 380 3010 T
381 2962 450 3011 brebis
468 2962 579 3029 iuppiter
595 2965 655 3032 igne*
670 2964 723 3014 suo.
899 2978 936 3032 30

176 3031 213 3084 ut
227 3046 311 3084 tamen
325 3034 409 3084 audilii
424 3036 558 3100 percutiunt
574 3037 673 3088 fulmine
689 3048 792 3098 veteru,

210 3107 350 3163 Admonitu
360 3108 447 3162 nanis
459 3108 614 3163 condolullle·
623 3116 709 3179 potet.
795 3181 819 3232 L

829 3197 846 3234 u
