2367 3942
279 386 328 499 αὖ
370 424 410 494 Ρ.
441 426 633 495 Ονιυιι
659 428 892 518 Nasonis

278 544 343 595 Tum
352 545 441 610 patitur
451 548 529 595 cultus
541 562 618 613 ager,
634 545 660 596 dr
671 557 803 610 renovatur
811 544 903 598 ar'a'tro.
973 531 980 543 ⁸

221 613 270 664 160
316 616 377 667 Haec
391 618 446 667 anni
458 618 552 669 novitas
567 619 622 684 jure
631 620 741 668 vocanda
755 620 809 671 fuir.

230 713 232 721 ¹
280 688 430 755 Quasierair
439 692 883 751 multiscnonmuniciinnoratus,
977 681 981 699 ¹

317 763 430 814 Contulit
443 764 562 814 inversus
573 765 606 815 sic
622 765 661 813 sua
671 761 746 813 verba
759 763 829 813 duor.
916 782 920 791 ¹

280 836 366 885 Bruma
380 836 436 886 novi
446 837 522 902 prima
533 836 565 886 est
575 870 583 897 ‚
599 836 738 903 veterisque
748 837 878 886 novissima
888 835 964 891 Solis:

318 907 462 975 Principium
476 909 574 975 capiunt
582 908 687 960 Phoebus
698 909 724 960 dr
738 924 814 957 annus
827 910 901 963 idem.

223 977 269 1040 165
282 979 337 1031 1011
348 998 379 1031 ea
389 982 490 1031 mirabar
501 1016 508 1039 ,
525 998 569 1031 cur
578 999 628 1032 non
638 981 691 1030 sine
702 981 784 1029 litibus
794 980 854 1032 effer
898 1005 902 1011 >

317 1052 394 1103 Prima
408 1055 470 1103 dies.
487 1054 589 1105 Causam
600 1054 718 1119 percipe,
736 1052 811 1104 Janus
825 1055 870 1105 ait.

181 1140 185 1151 ·
280 1126 403 1192 Tempora
416 1128 525 1178 commisi
539 1124 660 1176 nascentia
675 1126 747 1175 rebus
759 1126 880 1193 agendirc

239 1242 241 1245 .
316 1200 397 1249 Totus
406 1201 435 1249 ab
447 1200 551 1265 auspicio
565 1214 596 1249 ne
609 1198 843 1250 ioretannusinerr.
912 1201 915 1207 '

172 1286 177 1297 ·
282 1270 393 1337 Quisque
403 1272 455 1323 suas
466 1284 530 1323 artes
541 1274 573 1321 ob
580 1272 645 1321 idern
656 1271 747 1321 delibat
757 1273 872 1340 agend03

222 1354 270 1406 170
318 1338 372 1395 Nec
382 1347 436 1411 plus
446 1348 514 1412 quarn
529 1346 624 1395 solitum
634 1344 772 1395 testificatur
787 1362 858 1412 opus.
911 1388 914 1392 ,

281 1418 345 1469 Mox
355 1435 421 1487 ego;
439 1418 506 1474 Cur,
523 1417 629 1484 quamvis
642 1419 745 1468 aliorum
754 1421 849 1469 numina
858 1421 968 1485 placem,
1016 1460 1025 1472 .

317 1491 396 1551 Jane,
414 1492 552 1558 tibi·primo
561 1503 616 1541 tura
628 1507 768 1559 merumque
781 1490 857 1541 fero?

281 1564 318 1615 Ut
330 1580 373 1631 per
384 1580 422 1613 ine
434 1567 511 1630 possis
526 1566 617 1615 aditum
630 1597 637 1622 ,
656 1566 697 1631 qui
710 1566 790 1615 iimina
803 1565 893 1623 servo,

318 1638 358 1686 Ad
368 1638 529 1704 quoscumque
540 1638 614 1701 veliin
623 1637 720 1701 prorsus
731 1670 739 1694 ,
756 1638 846 1687 habere
858 1638 939 1692 Deos.

226 1723 253 1771 17
259 1723 270 1772 5
284 1708 318 1759 At
329 1725 371 1758 cur
382 1710 438 1758 laera
448 1708 497 1759 tuis
511 1709 624 1757 dicuntur
632 1708 707 1757 verba
717 1707 848 1759 kalendis?

319 1780 349 1831 Et
363 1782 446 1831 damus
457 1782 578 1839 alternas,
596 1779 793 1846 accipimusque,
808 1784 919 1849 preces?

282 1854 346 1904 Turn
355 1854 425 1904 Deus
434 1854 574 1903 incumbens
585 1854 688 1913 baculo,
701 1870 772 1919 quern
783 1857 870 1907 dextra
879 1852 999 1926 gerebat?

319 1926 408 1978 Oinina
418 1926 539 1992 principiis
552 1958 559 1983 ,
574 1925 670 1992 inquit,
684 1926 757 1977 inefle
768 1929 856 1982 soient.

283 1998 322 2049 Ad
335 2001 434 2065 prirnarn
443 2015 530 2049 vocem
540 1999 634 2049 timidas
644 2000 770 2052 advertitis
779 2020 850 2052 aures
859 2018 869 2063 3

226 2070 274 2121 180
320 2073 352 2123 Et
363 2073 435 2123 visam
446 2070 547 2139 primdm
557 2073 661 2124 consulit
677 2090 753 2142 augur
766 2092 845 2125 avem.

282 2145 386 2212 Templa
396 2158 481 2213 patent
490 2162 608 2213 auresque
619 2146 701 2196 Dedrn
713 2163 721 2197 z
734 2162 780 2195 nec
795 2148 876 2213 lingua
887 2146 997 2197 caducae

321 2218 434 2286 Concipit
444 2221 492 2269 ulla
500 2236 591 2285 preces
601 2252 609 2277 ‚
619 2219 735 2283 'dunque
744 2217 840 2283 pindus
854 2217 953 2266 habent.
989 2280 993 2285 ι

282 2290 397 2341 Desierat
412 2293 493 2358 paucis
505 2309 512 2343 t
525 2308 571 2343 nec
583 2294 655 2360 longa
668 2290 764 2340 silentia
777 2290 846 2347 [θεὶς

320 2364 368 2415 Sed
379 2366 448 2434 tetigi
458 2366 538 2415 verbis
548 2366 630 2415 ultima
638 2365 711 2413 verba
723 2362 793 2412 ineis.

226 2435 254 2485 18
260 2452 270 2499 5
285 2436 352 2501 Quid
362 2441 415 2490 vult
425 2440 502 2506 palrna
513 2438 558 2487 sibi
569 2470 577 2494 ,
596 2436 730 2503 rugosaque
741 2436 819 2482 carica
832 2431 929 2491 ?·dixi,

320 2510 353 2561 Er
367 2512 421 2561 data
432 2512 473 2560 iub
484 2510 556 2559 niveo
571 2508 671 2558 candida
680 2508 751 2557 niella
762 2506 818 2555 favo
829 2504 840 2555 ἒ

285 2583 366 2635 Omen
378 2617 386 2642 ,
402 2584 454 2641 ait,
471 2581 540 2631 causa
553 2580 604 2640 eii3
619 2592 646 2630 ut
660 2595 699 2629 res
710 2580 778 2644 sapor
790 2579 832 2628 ilie
842 2578 978 2645 sequatur,

261 2650 264 2655 ¹
320 2656 352 2705 Et
364 2667 464 2721 peragat
478 2666 583 2719 coepturn
598 2651 673 2702 dulcis
684 2662 711 2700 ut
722 2668 798 2701 annus
812 2651 868 2701 iter.

262 2750 265 2754 ·
284 2726 374 2778 Dulcia
383 2744 425 2777 cur
436 2728 541 2783 dentur,
556 2725 629 2774 video
641 2740 649 2773 t
660 2723 723 2789 stipis
732 2723 810 2789 adjice
824 2725 916 2776 causam
928 2760 938 2788 ,

226 2813 275 2864 190
322 2799 378 2850 Pars
390 2792 451 2849 mihi
458 2800 488 2848 de
500 2797 569 2848 Festo
581 2814 612 2846 ne
623 2798 688 2846 labet
698 2798 746 2847 uua
757 2810 810 2847 tuo.

286 2873 348 2924 Risit
361 2890 369 2929 3
385 2873 429 2930 ἃ,
447 2870 472 2921 Ο
487 2870 493 2919 i
507 2870 853 2937 qudrntefniiunttuasecuia
867 2872 874 2923 i
888 2874 978 2937 dixit.

323 2944 379 3010 Qui
388 2946 446 3012 stipe
456 2946 504 2995 niel
516 2943 591 2994 sumti
604 2943 696 2994 dulcius
707 2942 754 2993 effe
767 2943 861 3011 putes?
962 2956 971 2981 ‘-

286 3020 336 3073 Vix
348 3034 395 3084 ego
407 3018 510 3068 Saturno
523 3022 666 3085 'quemquam
679 3012 919 3085 regnante'videbam
931 3052 943 3080 ,

292 3139 295 3144 .
324 3090 402 3159 Cujus
416 3108 463 3143 non
477 3092 556 3143 anirno
568 3091 647 3143 dulcia
660 3092 727 3142 iucra
740 3092 832 3145 forent.
