2367 3942
272 502 586 571 errrorem
612 497 810 571 [ΜΗ.
860 521 911 596 55

202 620 270 672 Nune
284 639 403 689 quoque,
420 620 444 670 se
461 621 528 687 supra
543 636 574 669 ne
590 620 647 686 quid
661 620 708 669 nisi
721 622 801 673 sidera
814 636 918 685 cernat,

240 696 354 763 Exiguum
371 696 456 759 templi
473 695 534 743 reeta
551 694 661 743 foramen
675 697 772 745 babent.

202 764 333 829 Termine,
351 769 402 835 posi
415 769 473 818 illud
487 769 575 819 levitas
590 760 631 817 ribi
648 768 722 818 libera
739 786 789 819 non
803 768 856 822 este

237 841 293 905 Qui
309 843 404 907 positus
419 843 493 892 fueris
510 843 533 893 in
551 842 671 901 statione,
692 860 772 893 mane.

201 912 253 965 Nee
270 931 297 965 tu
315 917 396 967 vicino
411 917 537 981 quidquam
554 917 665 965 concede
682 918 796 984 roganti,
918 916 970 981 675

237 990 274 1037 Ne
290 988 389 1038 videare
405 991 523 1039 bominem
541 988 691 1054 praeposuisse
706 989 773 1041 iovi.

200 1057 230 1110 Et
245 1062 286 1113 seu
302 1062 458 1121 vomeribus,
475 1063 514 1111 sen
529 1076 556 1112 tu
574 1063 698 1128 pulsabere
714 1062 812 1124 rastris,

235 1134 365 1193 Clamat03
387 1137 458 1185 Meus
475 1135 508 1184 est
525 1136 564 1185 bic
579 1152 657 1211 ager,
674 1137 714 1185 ilie
730 1149 799 1187 tuus.

199 1204 237 1256 Est
252 1209 309 1267 via,
330 1224 383 1276 quae
399 1210 513 1274 populum
528 1208 662 1278 Laurentes
678 1210 745 1259 ducit
759 1210 785 1259 in
797 1227 889 1279 agree,

235 1280 365 1345 Quondam
380 1282 505 1335 Dardanio
522 1298 597 1348 regna
613 1285 690 1348 petita
705 1283 771 1333 duci.
918 1281 971 1335 680

198 1347 254 1402 Illic
271 1355 372 1421 lanigeri
387 1356 482 1421 pecoris
497 1355 562 1412 tibi,
580 1355 698 1405 Termine
709 1354 800 1418 ‚fibris

232 1427 307 1477 Sacra
322 1429 389 1481 videt
405 1428 458 1477 fieri
473 1428 552 1478 sextus
568 1428 598 1477 ab
615 1429 683 1477 Urbe
700 1429 770 1493 lapis.

199 1496 322 1551 Gentibus
337 1502 370 1550 est
385 1502 436 1549 aiiis
453 1502 526 1549 tellus
543 1501 597 1548 dara
614 1500 690 1549 limite
708 1506 799 1557 certos

230 1572 347 1623 Romana
363 1574 463 1638 spatium
477 1572 511 1620 eii
526 1572 600 1619 Urbis
616 1573 642 1620 ὅ(
657 1573 723 1620 orbis
737 1572 811 1621 idem.

194 1643 248 1695 NU
259 1649 280 1695 N
293 1646 315 1695 C
331 1646 432 1703 dicenda
448 1644 505 1692 mihi
519 1642 594 1709 Regis
609 1643 665 1709 fuga
677 1659 684 1692 ε
697 1644 770 1695 traxit
783 1644 814 1693 ab
826 1642 868 1693 ilia
919 1642 952 1694 68
957 1660 970 1707 5

229 1718 325 1767 Sextus
342 1719 372 1765 ab
389 1730 500 1767 extremo
514 1716 611 1765 nomina
627 1716 708 1766 mense
720 1716 785 1768 dies.

194 1788 287 1841 Ultima
307 1790 453 1856 Tarquinius
469 1788 585 1839 Romane
600 1791 681 1855 gentis
694 1790 799 1841 habebat

229 1862 317 1931 Regna
330 1880 337 1913 t
350 1864 388 1912 vir
402 1861 518 1930 iniustus,
536 1862 609 1918 fortis
619 1865 651 1929 ad
666 1880 731 1913 arma
746 1877 838 1917 tamen.

194 1934 303 2001 Ceperat
318 1936 357 1985 bie
371 1937 448 1995 aliae,
467 1937 524 1987 alias
540 1949 665 1989 everterat
681 1938 776 1997 urben
793 1964 797 1969 ’

229 2010 260 2059 Et
276 2006 372 2063 Gabios
387 2011 453 2076 turpi
470 2010 563 2059 fecerat
578 2023 631 2060 erte
649 2011 714 2062 suos.
916 2010 969 2077 690

194 2079 305 2149 Namque
321 2084 394 2133 trium
410 2083 538 2141 minimus,
556 2084 640 2147 proies
655 2081 777 2133 manifesta
790 2082 914 2151 Superbi,

228 2156 256 2204 in
271 2156 370 2205 medios
385 2155 465 2205 hostes
475 2154 571 2212 ,noue
587 2155 695 2212 silente,
710 2157 787 2205 venir.

191 2225 322 2281 Nudarant
337 2226 450 2294 gladios:
464 2226 599 2285 Occidite,
617 2228 695 2288 dixit,
711 2229 837 2282 inermem.

227 2302 284 2352 Hoc
306 2301 405 2367 cupiant
421 2301 525 2358 iratres,
543 2300 735 2370 Tarquiniusque
753 2316 863 2369 pater,

194 2370 242 2437 Qui
256 2391 312 2425 mea
330 2375 424 2425 crudeli
439 2373 560 2427 inceravit
570 2376 673 2425 verbere
688 2389 767 2444 terga.
913 2376 965 2442 695

228 2448 322 2501 Dicere
336 2460 364 2499 ut
378 2450 426 2499 hot
439 2446 537 2513 poii‘et,
554 2450 657 2500 verbera
671 2449 748 2514 patrus
762 2460 824 2499 erat.

193 2518 260 2569 Luna
273 2522 321 2573 fuit
334 2538 342 2573 ι
355 2520 461 2588 spectant
477 2522 609 2581 iuvenem,
627 2522 767 2589 gladiosque
781 2523 938 2575 recondunt:

228 2594 380 2663 Tergaque,
400 2594 501 2645 uenuste
516 2593 600 2655 veste,
618 2608 702 2645 notata
718 2596 814 2647 vident.

191 2665 263 2719 Flent
274 2686 372 2736 quoque
383 2701 391 2728 ,
409 2668 453 2727 br,
469 2680 497 2717 ut
511 2667 591 2718 secum
601 2680 700 2720 tueatur
710 2671 794 2729 belia,
808 2681 949 2737 precantur.

211 2740 338 2792 *callidus
356 2742 443 2809 ignaris
460 2742 542 2793 annuit
558 2742 600 2792 ille
615 2742 684 2793 viris.
911 2757 966 2807 700

125 2853 126 2862 ,
191 2810 291 2879 Jamque
307 2826 414 2880 potens,
434 2814 501 2865 miiso
514 2814 650 2883 genitorem
665 2817 772 2882 appellat
784 2816 883 2872 amico,

229 2884 352 2937 Prodenrii
367 2886 461 2939 Gabios
476 2889 542 2955 quod
558 2889 604 2939 sibi
617 2890 733 2954 monstret
746 2890 802 2939 iter.

192 2954 287 3011 Hortus
305 2956 411 3012 odoratis
429 2964 525 3013 suberat
542 2964 687 3014 cultissimus
702 2963 816 3029 herbis,-

226 3031 314 3081 Sestus
329 3032 426 3087 humum
441 3036 495 3085 rivo
509 3038 565 3087 lene
580 3035 686 3088 sonantis
700 3052 780 3102 aque·

192 3102 243 3154 illie
257 3105 408 3171 Tarquinius
423 3109 532 3167 mandata
547 3111 647 3159 larentia
662 3108 713 3159 nati
911 3118 964 3170 705

225 3178 346 3247 Accipit,
367 3179 394 3233 be
408 3178 475 3251 virgi
489 3182 538 3235 lilia
553 3184 643 3245 sumus
656 3180 739 3238 mot
796 3248 839 3299 C*

832 3267 857 3302 ur
