2367 3942
297 442 371 533 184
418 440 943 512 P.0v11211NAsonrs

293 560 325 610 Et
338 560 378 625 pia
391 571 446 608 tura
461 559 515 608 dedi
532 574 577 624 pro
593 570 619 609 te
633 574 641 609 t
657 570 762 625 cumque·
776 560 886 611 omnibus
902 579 967 613 unus

249 632 283 681 60
331 632 384 699 lpse
402 648 499 699 quoque
513 631 595 697 adjuvi
612 632 708 698 publica
721 644 779 682 vota
797 633 866 683 meis.

292 704 360 769 Quid
369 705 473 755 referam
484 705 576 763 libros,
591 704 646 755 illos
657 722 753 771 quoque
765 738 773 763 ‚
795 706 893 757 crimina
903 704 982 757 nolira
994 740 1003 765 ‚

304 826 308 832 .
328 778 400 828 Mille
417 778 478 828 locis
494 780 579 844 plenos
595 778 698 827 nominis
713 776 760 827 else
776 776 837 827 tui?

291 851 385 917 Inspice
399 850 476 918 majus
491 867 571 917 opus,
587 850 653 916 quod
667 852 745 900 adbuc
762 852 815 900 sine
829 848 878 901 line
892 852 1002 919 reliqui,

329 925 356 973 ln
371 941 421 974 non
437 923 573 975 credendos
589 938 692 990 corpora
707 923 775 973 versa
790 924 898 983 modos3

247 995 280 1059 65
294 998 407 1048 Invenies
424 996 495 1047 venri
507 996 628 1061 preconia
644 997 746 1046 nominis
762 996 813 1046 illic
827 1013 836 1055 ς

327 1070 441 1120 Invenies
459 1070 530 1119 animi
548 1070 647 1135 pignora
663 1070 736 1117 multa
751 1069 808 1119 mei·

292 1144 350 1195 Non
363 1158 405 1193 tua
420 1142 561 1192 carminibus
578 1140 655 1206 major
671 1139 698 1190 fit
716 1140 791 1209 gloria'
806 1174 814 1199 ‚
831 1158 878 1193 nec
896 1142 965 1210 qud,

329 1217 365 1267 Ut
379 1214 456 1282 major
471 1213 514 1264 frat
524 1214 660 1273 ,.crescere
674 1215 770 1279 possit,
789 1215 872 1265 habet·

292 1289 364 1354 Pamn
375 1288 388 1340 J
391 1290 431 1338 ovi
441 1287 544 1354 superest
557 1303 564 1337 ε
575 1299 657 1336 tamen
668 1288 732 1336 hunc
743 1286 783 1337 sua
793 1287 853 1337 falia
863 1288 972 1346 referri,

245 1378 282 1426 70
330 1362 362 1411 Et
378 1362 402 1412 se
418 1361 541 1412 materiam
558 1359 669 1409 carminis
686 1358 752 1419 effe,
773 1359 858 1424 juvat:

292 1434 401 1501 (irimque
419 1434 533 1502 Gigantei
549 1445 712 1482 memorantur
727 1434 811 1498 proelia
826 1434 903 1489 belli,

329 1508 451 1557 Credibile
465 1506 594 1557 eulaeum
611 1506 719 1556 laudibus
735 1506 782 1557 elie
800 1505 856 1556 suis.

292 1580 331 1632 Te
349 1582 473 1631 celebrant
489 1581 528 1631 alii
544 1592 634 1646 quanto
652 1578 726 1629 decet
740 1596 801 1638 ore,
824 1592 928 1645 tuasque

328 1654 430 1720 Ingenio
445 1653 529 1704 laudes
542 1653 654 1703 uberiore
672 1664 769 1703 canunt.

248 1740 281 1789 75
294 1726 343 1776 Sed
359 1738 458 1784 tamen,
475 1737 503 1775 ut
519 1726 573 1775 fuso
586 1737 710 1776 taurorum
725 1725 839 1791 sanguine
855 1736 975 1783 centum,
1013 1770 1016 1785 ,

328 1798 369 1846 Sic
382 1797 476 1863 capitur
490 1798 590 1847 minimo
605 1798 665 1847 turis
681 1799 775 1848 honore
791 1798 870 1849 Deus.

292 1870 332 1921 Ah
350 1869 416 1920 ferus
432 1869 438 1918 I
456 1869 481 1921 δι
498 1871 567 1919 nobis
583 1870 682 1921 nimium
696 1870 826 1921 crudeliter
842 1868 938 1928 hollis,

277 2003 283 2013 .
329 1942 438 1993 Delicias
450 1943 511 2010 legit
526 1944 567 2009 qui
580 1943 626 1993 tibi
640 1958 742 2009 cumque
754 1958 819 1991 meas
835 1941 841 1989 l

294 2015 306 2081 (
320 2016 433 2066 Carmina
448 2032 479 2066 ne
491 2016 576 2067 nostris
590 2017 625 2067 sic
639 2028 666 2067 te
681 2015 821 2066 venerantia
835 2014 902 2065 libris

250 2088 283 2138 So
330 2089 428 2142 Iudicio
444 2090 537 2156 possint
553 2091 691 2140 candidiore
708 2089 791 2156 legi.)

293 2162 345 2213 Elle
360 2162 401 2212 sed
412 2163 474 2213 irato
491 2164 545 2228 quis
561 2176 587 2213 te
603 2163 659 2212 mihi
675 2162 751 2227 posset
768 2156 879 2211 amicus?

329 2235 380 2287 Vix
394 2252 458 2285 nuuc
471 2236 520 2301 ipse
537 2236 595 2285 mihi
610 2251 660 2283 non
675 2233 784 2282 inimicus
798 2249 872 2283 eram.

295 2306 357 2359 Ciun
374 2310 450 2375 coepit
464 2306 567 2375 quassata
584 2307 668 2356 domus
683 2306 804 2355 subsidere
819 2338 827 2363 ‚
844 2316 926 2371 partes

330 2382 358 2431 ln
374 2382 519 2448 proclinatas
536 2396 607 2429 omne
622 2378 740 2428 recumbit
757 2393 837 2426 onus:

251 2453 283 2515 85
297 2454 455 2521 crinitaque,
476 2454 495 2505 F
497 2452 582 2501 ortuni
598 2452 680 2501 rimam
695 2450 820 2507 iaciente,
840 2446 979 2503 dehiscunt.

331 2527 383 2592 Ipsa
395 2528 437 2578 suo
445 2525 573 2594 ¹quondam
585 2524 693 2590 pondere
705 2522 768 2573 tedia
780 2534 862 2572 ruunt.
941 2568 946 2577 ,

268 2600 336 2667 Ergo
345 2600 465 2651 bominum
475 2598 600 2666 quaesitum
611 2597 693 2647 odium
703 2597 760 2645 mihi
771 2595 875 2645 carmine
887 2607 895 2645 t
908 2592 1005 2660 qua‘qne

340 2673 453 2731 Debuit,
473 2672 506 2723 est
517 2671 599 2721 vultus
611 2671 681 2721 turba
697 2670 778 2720 securta
792 2682 858 2719 tuos·

293 2745 346 2804 At,
364 2745 480 2803 memini,
496 2745 618 2811 vitamque
634 2746 710 2793 meam
725 2758 852 2808 moresque
867 2740 988 2804 probabas

169 2844 172 2849 ·
250 2832 284 2882 90
332 2818 398 2875 luo,
418 2833 491 2884 quem
505 2817 625 2873 dederas,
644 2815 812 2881 praetereuntis
829 2828 903 2878 equo.
923 2858 928 2869 ,

295 2890 371 2955 Quod
383 2890 404 2940 si
417 2905 467 2938 non
482 2888 597 2953 prodesl,
618 2888 642 2939 dc
657 2885 750 2935 bonelli
766 2886 841 2953 gratia
856 2886 921 2934 nulla

332 2962 470 3019 Redditur3
488 2972 513 3010 at
528 2961 620 3009 nullum
634 2959 724 3009 crimen
739 2958 840 3025 adeptus
856 2972 930 3007 eram.

294 3036 349 3086 Nec
365 3031 427 3081 male
443 3031 561 3081 commilla
577 3031 611 3081 est
626 3032 694 3081 nobis
711 3031 806 3081 fortuna
822 3046 939 3088 reorum,

330 3106 421 3173 Lisque
435 3104 522 3155 decem
537 3104 620 3155 decies
635 3104 781 3171 inspicienda
797 3104 863 3157 viris·
