<?xml version="1.0" encoding="UTF-8"?>
<!DOCTYPE html PUBLIC "-//W3C//DTD XHTML 1.0 Transitional//EN"
    "http://www.w3.org/TR/xhtml1/DTD/xhtml1-transitional.dtd">
<html xmlns="http://www.w3.org/1999/xhtml" xml:lang="en" lang="en">
 <head>
  <title>
</title>
<meta http-equiv="Content-Type" content="text/html;charset=utf-8" />
  <meta name='ocr-system' content='tesseract 3.04.00' />
  <meta name='ocr-capabilities' content='ocr_page ocr_carea ocr_par ocr_line ocrx_word'/>
</head>
<body>
  <div class='ocr_page' id='page_1' title='image "./povidiinasoniso01heingoog_0286.png"; bbox 0 0 2367 3942; ppageno 0'>
   <div class='ocr_carea' id='block_1_1' title="bbox 222 406 862 502">
    <p class='ocr_par' dir='ltr' id='par_1_1' title="bbox 222 406 862 502">
     <span class='ocr_line' id='line_1_1' title="bbox 222 406 862 502; baseline 0.005 -26"><span class='ocrx_word' id='word_1_1' title='bbox 222 407 366 476; x_wconf 69' lang='lat' dir='ltr'>Emer.</span> <span class='ocrx_word' id='word_1_2' title='bbox 393 424 453 474; x_wconf 76' lang='lat' dir='ltr'>nx</span> <span class='ocrx_word' id='word_1_3' title='bbox 478 406 624 476; x_wconf 42' lang='lat' dir='ltr'>Pou&#39;row</span> <span class='ocrx_word' id='word_1_4' title='bbox 649 409 687 476; x_wconf 88' lang='lat' dir='ltr'>L.</span> <span class='ocrx_word' id='word_1_5' title='bbox 715 410 747 476; x_wconf 84' lang='grc' dir='ltr'>Ι.</span> <span class='ocrx_word' id='word_1_6' title='bbox 788 411 862 502; x_wconf 87' lang='lat'>285</span> 
     </span>
    </p>
   </div>
   <div class='ocr_carea' id='block_1_2' title="bbox 149 523 907 1088">
    <p class='ocr_par' dir='ltr' id='par_1_2' title="bbox 150 523 801 589">
     <span class='ocr_line' id='line_1_2' title="bbox 150 523 801 589; baseline 0 -15"><span class='ocrx_word' id='word_1_7' title='bbox 150 523 204 589; x_wconf 83' lang='lat' dir='ltr'>Qui</span> <span class='ocrx_word' id='word_1_8' title='bbox 219 542 250 574; x_wconf 92' lang='lat' dir='ltr'>ne</span> <span class='ocrx_word' id='word_1_9' title='bbox 266 523 370 574; x_wconf 81' lang='lat' dir='ltr'>difficilis</span> <span class='ocrx_word' id='word_1_10' title='bbox 385 524 446 574; x_wconf 86' lang='lat' dir='ltr'>mih&#39;i</span> <span class='ocrx_word' id='word_1_11' title='bbox 459 526 510 584; x_wconf 83' lang='lat' dir='ltr'>sit,</span> <span class='ocrx_word' id='word_1_12' title='bbox 529 523 663 580; x_wconf 68' lang='lat' dir='ltr'>Gramine,</span> <span class='ocrx_word' id='word_1_13' title='bbox 682 540 801 588; x_wconf 76' lang='lat' dir='ltr'>precare:</span> 
     </span>
    </p>

    <p class='ocr_par' dir='ltr' id='par_1_3' title="bbox 150 596 817 735">
     <span class='ocr_line' id='line_1_3' title="bbox 189 596 817 664; baseline 0.003 -18"><span class='ocrx_word' id='word_1_14' title='bbox 189 596 284 646; x_wconf 81' lang='lat' dir='ltr'>Confer</span> <span class='ocrx_word' id='word_1_15' title='bbox 305 600 331 647; x_wconf 82' lang='grc' dir='ltr'>δι</span> <span class='ocrx_word' id='word_1_16' title='bbox 346 597 371 645; x_wconf 89' lang='lat' dir='ltr'>in</span> <span class='ocrx_word' id='word_1_17' title='bbox 385 611 470 647; x_wconf 82' lang='lat' dir='ltr'>votum</span> <span class='ocrx_word' id='word_1_18' title='bbox 484 610 513 647; x_wconf 92' lang='lat' dir='ltr'>tu</span> <span class='ocrx_word' id='word_1_19' title='bbox 527 614 623 664; x_wconf 81' lang='lat' dir='ltr'>quoque</span> <span class='ocrx_word' id='word_1_20' title='bbox 639 598 713 645; x_wconf 86' lang='lat' dir='ltr'>verba</span> <span class='ocrx_word' id='word_1_21' title='bbox 728 613 817 660; x_wconf 82' lang='lat' dir='ltr'>meum.</span> 
     </span>
     <span class='ocr_line' id='line_1_4' title="bbox 150 667 742 735; baseline 0 -17"><span class='ocrx_word' id='word_1_22' title='bbox 150 669 229 735; x_wconf 86' lang='lat' dir='ltr'>inque</span> <span class='ocrx_word' id='word_1_23' title='bbox 245 670 377 719; x_wconf 77' lang='lat' dir='ltr'>Tomitana</span> <span class='ocrx_word' id='word_1_24' title='bbox 391 667 485 734; x_wconf 80' lang='lat' dir='ltr'>jaceam</span> <span class='ocrx_word' id='word_1_25' title='bbox 501 672 633 720; x_wconf 80' lang='lat' dir='ltr'>tumulatus</span> <span class='ocrx_word' id='word_1_26' title='bbox 651 668 742 728; x_wconf 73' lang='lat' dir='ltr'>areni.</span> 
     </span>
    </p>

    <p class='ocr_par' dir='ltr' id='par_1_4' title="bbox 149 740 907 879">
     <span class='ocr_line' id='line_1_5' title="bbox 188 740 907 811; baseline 0.003 -21"><span class='ocrx_word' id='word_1_27' title='bbox 188 741 214 789; x_wconf 86' lang='lat' dir='ltr'>Si</span> <span class='ocrx_word' id='word_1_28' title='bbox 228 753 255 790; x_wconf 86' lang='lat' dir='ltr'>te</span> <span class='ocrx_word' id='word_1_29' title='bbox 269 759 323 791; x_wconf 86' lang='lat' dir='ltr'>non</span> <span class='ocrx_word' id='word_1_30' title='bbox 341 740 412 811; x_wconf 82' lang='lat' dir='ltr'>uobis</span> <span class='ocrx_word' id='word_1_31' title='bbox 428 743 470 791; x_wconf 84' lang='lat' dir='ltr'>ista</span> <span class='ocrx_word' id='word_1_32' title='bbox 484 759 577 793; x_wconf 85' lang='lat' dir='ltr'>vovere</span> <span class='ocrx_word' id='word_1_33' title='bbox 595 743 680 808; x_wconf 82' lang='lat' dir='ltr'>liquet.</span> <span class='ocrx_word' id='word_1_34' title='bbox 874 757 907 805; x_wconf 85' lang='lat'>50</span> 
     </span>
     <span class='ocr_line' id='line_1_6' title="bbox 149 813 773 879; baseline 0.002 -16"><span class='ocrx_word' id='word_1_35' title='bbox 149 813 213 863; x_wconf 86' lang='lat' dir='ltr'>Nam</span> <span class='ocrx_word' id='word_1_36' title='bbox 229 813 294 879; x_wconf 72' lang='lat' dir='ltr'>priris</span> <span class='ocrx_word' id='word_1_37' title='bbox 312 813 429 878; x_wconf 82' lang='lat' dir='ltr'>incipiant</span> <span class='ocrx_word' id='word_1_38' title='bbox 444 827 524 864; x_wconf 88' lang='lat' dir='ltr'>turres</span> <span class='ocrx_word' id='word_1_39' title='bbox 540 816 617 864; x_wconf 88' lang='lat' dir='ltr'>vitare</span> <span class='ocrx_word' id='word_1_40' title='bbox 637 815 773 874; x_wconf 70' lang='lat' dir='ltr'>columbe,</span> 
     </span>
    </p>

    <p class='ocr_par' dir='ltr' id='par_1_5' title="bbox 151 886 851 1026">
     <span class='ocr_line' id='line_1_7' title="bbox 187 886 851 954; baseline 0.006 -20"><span class='ocrx_word' id='word_1_41' title='bbox 187 887 267 935; x_wconf 82' lang='lat' dir='ltr'>Antra</span> <span class='ocrx_word' id='word_1_42' title='bbox 283 886 343 935; x_wconf 80' lang='lat' dir='ltr'>ferae</span> <span class='ocrx_word' id='word_1_43' title='bbox 360 887 487 950; x_wconf 85' lang='lat' dir='ltr'>,pecudes</span> <span class='ocrx_word' id='word_1_44' title='bbox 505 888 629 954; x_wconf 85' lang='lat' dir='ltr'>gramina,</span> <span class='ocrx_word' id='word_1_45' title='bbox 646 903 741 953; x_wconf 86' lang='lat' dir='ltr'>mergus</span> <span class='ocrx_word' id='word_1_46' title='bbox 755 904 851 954; x_wconf 80' lang='lat' dir='ltr'>aquas3</span> 
     </span>
     <span class='ocr_line' id='line_1_8' title="bbox 151 957 806 1026; baseline 0.006 -20"><span class='ocrx_word' id='word_1_47' title='bbox 151 957 233 1026; x_wconf 71' lang='lat' dir='ltr'>Quam</span> <span class='ocrx_word' id='word_1_48' title='bbox 248 958 309 1008; x_wconf 74' lang='lat' dir='ltr'>mali</span> <span class='ocrx_word' id='word_1_49' title='bbox 325 959 349 1007; x_wconf 85' lang='lat' dir='ltr'>se</span> <span class='ocrx_word' id='word_1_50' title='bbox 365 959 462 1023; x_wconf 83' lang='lat' dir='ltr'>praestet</span> <span class='ocrx_word' id='word_1_51' title='bbox 477 962 557 1010; x_wconf 84' lang='lat' dir='ltr'>veteri</span> <span class='ocrx_word' id='word_1_52' title='bbox 574 958 702 1008; x_wconf 77' lang='lat' dir='ltr'>Graecinus</span> <span class='ocrx_word' id='word_1_53' title='bbox 719 961 806 1010; x_wconf 85' lang='lat' dir='ltr'>amico.</span> 
     </span>
    </p>

    <p class='ocr_par' dir='ltr' id='par_1_6' title="bbox 188 1029 702 1088">
     <span class='ocr_line' id='line_1_9' title="bbox 188 1029 702 1088; baseline 0.012 -7"><span class='ocrx_word' id='word_1_54' title='bbox 188 1032 246 1081; x_wconf 89' lang='lat' dir='ltr'>Non</span> <span class='ocrx_word' id='word_1_55' title='bbox 263 1032 298 1081; x_wconf 78' lang='lat' dir='ltr'>ita</span> <span class='ocrx_word' id='word_1_56' title='bbox 314 1030 367 1080; x_wconf 84' lang='lat' dir='ltr'>sunt</span> <span class='ocrx_word' id='word_1_57' title='bbox 384 1029 440 1082; x_wconf 79' lang='lat' dir='ltr'>fatis</span> <span class='ocrx_word' id='word_1_58' title='bbox 455 1034 535 1082; x_wconf 85' lang='lat' dir='ltr'>omnia</span> <span class='ocrx_word' id='word_1_59' title='bbox 541 1031 619 1088; x_wconf 79' lang='lat' dir='ltr'>,versa</span> <span class='ocrx_word' id='word_1_60' title='bbox 633 1033 702 1086; x_wconf 82' lang='lat' dir='ltr'>meis.</span> 
     </span>
    </p>
   </div>
   <div class='ocr_carea' id='block_1_3' title="bbox 205 1137 859 1448">
    <p class='ocr_par' dir='ltr' id='par_1_7' title="bbox 205 1137 859 1448">
     <span class='ocr_line' id='line_1_10' title="bbox 205 1137 859 1210; baseline 0.003 -11"><span class='ocrx_word' id='word_1_61' title='bbox 205 1137 859 1210; x_wconf 48' lang='lat' dir='ltr'>&#39;e==-===Q&#39;⁰k=m*t&gt;</span> 
     </span>
     <span class='ocr_line' id='line_1_11' title="bbox 275 1258 803 1323; baseline 0 -3"><span class='ocrx_word' id='word_1_62' title='bbox 275 1258 618 1323; x_wconf 74' lang='lat' dir='ltr'>Erts‘rotn</span> <span class='ocrx_word' id='word_1_63' title='bbox 669 1258 803 1322; x_wconf 91' lang='lat' dir='ltr'>v11.</span> 
     </span>
     <span class='ocr_line' id='line_1_12' title="bbox 314 1347 763 1448; baseline -0.004 -4"><span class='ocrx_word' id='word_1_64' title='bbox 314 1347 763 1448; x_wconf 65' lang='lat' dir='ltr'>Mas&#39;sALLINO.</span> 
     </span>
    </p>
   </div>
   <div class='ocr_carea' id='block_1_4' title="bbox 152 1477 928 3134">
    <p class='ocr_par' dir='ltr' id='par_1_8' title="bbox 152 1477 869 1681">
     <span class='ocr_line' id='line_1_13' title="bbox 152 1477 869 1608; baseline -0.004 -18"><span class='ocrx_word' id='word_1_65' title='bbox 152 1477 208 1590; x_wconf 53' lang='lat' dir='ltr'>{A</span> <span class='ocrx_word' id='word_1_66' title='bbox 218 1555 227 1588; x_wconf 84' lang='lat' dir='ltr'>r</span> <span class='ocrx_word' id='word_1_67' title='bbox 236 1553 256 1589; x_wconf 86' lang='grc' dir='ltr'>τ</span> <span class='ocrx_word' id='word_1_68' title='bbox 266 1553 309 1590; x_wconf 78' lang='grc' dir='ltr'>ει</span> <span class='ocrx_word' id='word_1_69' title='bbox 317 1554 336 1592; x_wconf 77' lang='lat' dir='ltr'>a</span> <span class='ocrx_word' id='word_1_70' title='bbox 350 1558 399 1608; x_wconf 80' lang='lat' dir='ltr'>pro</span> <span class='ocrx_word' id='word_1_71' title='bbox 410 1544 490 1593; x_wconf 82' lang='lat' dir='ltr'>verbis</span> <span class='ocrx_word' id='word_1_72' title='bbox 500 1543 563 1601; x_wconf 82' lang='lat' dir='ltr'>tibi,</span> <span class='ocrx_word' id='word_1_73' title='bbox 580 1539 715 1592; x_wconf 80' lang='lat' dir='ltr'>Meffalline</span> <span class='ocrx_word' id='word_1_74' title='bbox 726 1573 734 1597; x_wconf 87' lang='lat'><em>,</em></span> <span class='ocrx_word' id='word_1_75' title='bbox 750 1538 849 1588; x_wconf 84' lang='lat' dir='ltr'>salutem</span> <span class='ocrx_word' id='word_1_76' title='bbox 860 1570 869 1598; x_wconf 91' lang='lat'>,</span> 
     </span>
     <span class='ocr_line' id='line_1_14' title="bbox 190 1611 834 1681; baseline -0.002 -20"><span class='ocrx_word' id='word_1_77' title='bbox 190 1613 271 1676; x_wconf 85' lang='lat' dir='ltr'>Quam</span> <span class='ocrx_word' id='word_1_78' title='bbox 287 1615 367 1681; x_wconf 86' lang='lat' dir='ltr'>legis,</span> <span class='ocrx_word' id='word_1_79' title='bbox 385 1634 400 1664; x_wconf 90' lang='lat' dir='ltr'>a</span> <span class='ocrx_word' id='word_1_80' title='bbox 416 1615 484 1668; x_wconf 81' lang='lat' dir='ltr'>saevis</span> <span class='ocrx_word' id='word_1_81' title='bbox 499 1616 581 1665; x_wconf 85' lang='lat' dir='ltr'>attulit</span> <span class='ocrx_word' id='word_1_82' title='bbox 596 1631 672 1681; x_wconf 85' lang='lat' dir='ltr'>usque</span> <span class='ocrx_word' id='word_1_83' title='bbox 690 1611 772 1662; x_wconf 83' lang='lat' dir='ltr'>Getis.</span> <span class='ocrx_word' id='word_1_84' title='bbox 831 1639 834 1644; x_wconf 95' lang='lat'>·</span> 
     </span>
    </p>

    <p class='ocr_par' dir='ltr' id='par_1_9' title="bbox 152 1682 831 1830">
     <span class='ocr_line' id='line_1_15' title="bbox 152 1682 831 1746; baseline 0.001 -14"><span class='ocrx_word' id='word_1_85' title='bbox 152 1685 247 1734; x_wconf 85' lang='lat' dir='ltr'>indicat</span> <span class='ocrx_word' id='word_1_86' title='bbox 262 1685 384 1737; x_wconf 64' lang='lat' dir='ltr'>austorem</span> <span class='ocrx_word' id='word_1_87' title='bbox 397 1689 466 1738; x_wconf 87' lang='lat' dir='ltr'>locus</span> <span class='ocrx_word' id='word_1_88' title='bbox 484 1704 556 1746; x_wconf 78' lang='lat' dir='ltr'>t-an,</span> <span class='ocrx_word' id='word_1_89' title='bbox 573 1688 619 1738; x_wconf 90' lang='lat' dir='ltr'>nisi</span> <span class='ocrx_word' id='word_1_90' title='bbox 637 1687 734 1738; x_wconf 87' lang='lat' dir='ltr'>nomine</span> <span class='ocrx_word' id='word_1_91' title='bbox 750 1682 831 1742; x_wconf 76' lang='lat' dir='ltr'>letto,</span> 
     </span>
     <span class='ocr_line' id='line_1_16' title="bbox 189 1755 747 1830; baseline 0 -24"><span class='ocrx_word' id='word_1_92' title='bbox 189 1757 251 1807; x_wconf 81' lang='lat' dir='ltr'>Haec</span> <span class='ocrx_word' id='word_1_93' title='bbox 266 1775 305 1808; x_wconf 86' lang='lat' dir='ltr'>me</span> <span class='ocrx_word' id='word_1_94' title='bbox 321 1760 441 1811; x_wconf 83' lang='lat' dir='ltr'>Nasonem</span> <span class='ocrx_word' id='word_1_95' title='bbox 458 1761 559 1830; x_wconf 83' lang='lat' dir='ltr'>scrihere</span> <span class='ocrx_word' id='word_1_96' title='bbox 574 1762 647 1812; x_wconf 85' lang='lat' dir='ltr'>verba</span> <span class='ocrx_word' id='word_1_97' title='bbox 664 1755 747 1809; x_wconf 79' lang='lat' dir='ltr'>latet?</span> 
     </span>
    </p>

    <p class='ocr_par' dir='ltr' id='par_1_10' title="bbox 154 1829 885 1972">
     <span class='ocr_line' id='line_1_17' title="bbox 154 1829 885 1901; baseline 0.003 -24"><span class='ocrx_word' id='word_1_98' title='bbox 154 1829 243 1894; x_wconf 80' lang='lat' dir='ltr'>Ecquis</span> <span class='ocrx_word' id='word_1_99' title='bbox 260 1831 286 1879; x_wconf 90' lang='lat' dir='ltr'>in</span> <span class='ocrx_word' id='word_1_100' title='bbox 303 1844 414 1883; x_wconf 82' lang='lat' dir='ltr'>extremo</span> <span class='ocrx_word' id='word_1_101' title='bbox 430 1835 523 1900; x_wconf 86' lang='lat' dir='ltr'>positus</span> <span class='ocrx_word' id='word_1_102' title='bbox 538 1835 605 1901; x_wconf 82' lang='lat' dir='ltr'>jacet</span> <span class='ocrx_word' id='word_1_103' title='bbox 621 1835 680 1884; x_wconf 87' lang='lat' dir='ltr'>orbe</span> <span class='ocrx_word' id='word_1_104' title='bbox 697 1845 811 1890; x_wconf 79' lang='lat' dir='ltr'>tuorum,</span> <span class='ocrx_word' id='word_1_105' title='bbox 872 1843 885 1892; x_wconf 86' lang='lat'><em>5</em></span> 
     </span>
     <span class='ocr_line' id='line_1_18' title="bbox 189 1899 797 1972; baseline 0 -21"><span class='ocrx_word' id='word_1_106' title='bbox 189 1901 234 1972; x_wconf 75' lang='lat' dir='ltr'>Me</span> <span class='ocrx_word' id='word_1_107' title='bbox 251 1914 332 1953; x_wconf 90' lang='lat' dir='ltr'>tamen</span> <span class='ocrx_word' id='word_1_108' title='bbox 349 1919 474 1971; x_wconf 80' lang='lat' dir='ltr'>excepto,</span> <span class='ocrx_word' id='word_1_109' title='bbox 490 1907 531 1972; x_wconf 86' lang='lat' dir='ltr'>qui</span> <span class='ocrx_word' id='word_1_110' title='bbox 550 1923 639 1972; x_wconf 86' lang='lat' dir='ltr'>precor</span> <span class='ocrx_word' id='word_1_111' title='bbox 654 1905 699 1956; x_wconf 81' lang='lat' dir='ltr'>effe</span> <span class='ocrx_word' id='word_1_112' title='bbox 716 1899 797 1954; x_wconf 75' lang='lat' dir='ltr'>tirus?</span> 
     </span>
    </p>

    <p class='ocr_par' dir='ltr' id='par_1_11' title="bbox 154 1974 869 2121">
     <span class='ocr_line' id='line_1_19' title="bbox 154 1974 869 2045; baseline -0.003 -21"><span class='ocrx_word' id='word_1_113' title='bbox 154 1974 188 2024; x_wconf 85' lang='lat' dir='ltr'>Di</span> <span class='ocrx_word' id='word_1_114' title='bbox 202 1977 318 2044; x_wconf 84' lang='lat' dir='ltr'>procula</span> <span class='ocrx_word' id='word_1_115' title='bbox 335 1979 446 2036; x_wconf 70' lang='lat' dir='ltr'>cunetis,</span> <span class='ocrx_word' id='word_1_116' title='bbox 464 1980 505 2045; x_wconf 90' lang='lat' dir='ltr'>qui</span> <span class='ocrx_word' id='word_1_117' title='bbox 519 1993 545 2027; x_wconf 90' lang='lat' dir='ltr'>te</span> <span class='ocrx_word' id='word_1_118' title='bbox 560 1989 707 2027; x_wconf 83' lang='lat' dir='ltr'>venerantur</span> <span class='ocrx_word' id='word_1_119' title='bbox 722 1986 869 2040; x_wconf 83' lang='lat' dir='ltr'>amantque,</span> 
     </span>
     <span class='ocr_line' id='line_1_20' title="bbox 187 2047 690 2121; baseline 0.004 -25"><span class='ocrx_word' id='word_1_120' title='bbox 187 2047 271 2112; x_wconf 82' lang='lat' dir='ltr'>Hujus</span> <span class='ocrx_word' id='word_1_121' title='bbox 287 2049 397 2100; x_wconf 83' lang='lat' dir='ltr'>notitiam</span> <span class='ocrx_word' id='word_1_122' title='bbox 413 2051 491 2118; x_wconf 84' lang='lat' dir='ltr'>gentis</span> <span class='ocrx_word' id='word_1_123' title='bbox 508 2048 690 2121; x_wconf 27' lang='lat' dir='ltr'>abeffe&#39;velint.</span> 
     </span>
    </p>

    <p class='ocr_par' dir='ltr' id='par_1_12' title="bbox 155 2117 905 2260">
     <span class='ocr_line' id='line_1_21' title="bbox 155 2117 825 2189; baseline -0.001 -20"><span class='ocrx_word' id='word_1_124' title='bbox 155 2120 210 2169; x_wconf 83' lang='lat' dir='ltr'>Nou</span> <span class='ocrx_word' id='word_1_125' title='bbox 227 2120 282 2172; x_wconf 84' lang='lat' dir='ltr'>satis</span> <span class='ocrx_word' id='word_1_126' title='bbox 298 2121 332 2172; x_wconf 79' lang='lat' dir='ltr'>est</span> <span class='ocrx_word' id='word_1_127' title='bbox 345 2123 408 2173; x_wconf 86' lang='lat' dir='ltr'>inter</span> <span class='ocrx_word' id='word_1_128' title='bbox 422 2123 523 2189; x_wconf 84' lang='lat' dir='ltr'>glaciem</span> <span class='ocrx_word' id='word_1_129' title='bbox 538 2120 713 2187; x_wconf 83' lang='lat' dir='ltr'>Scythicasque</span> <span class='ocrx_word' id='word_1_130' title='bbox 730 2117 825 2184; x_wconf 80' lang='lat' dir='ltr'>sagittas</span> 
     </span>
     <span class='ocr_line' id='line_1_22' title="bbox 189 2193 905 2260; baseline -0.007 -16"><span class='ocrx_word' id='word_1_131' title='bbox 189 2193 302 2252; x_wconf 83' lang='lat' dir='ltr'>Vivere,</span> <span class='ocrx_word' id='word_1_132' title='bbox 320 2196 341 2244; x_wconf 90' lang='lat' dir='ltr'>si</span> <span class='ocrx_word' id='word_1_133' title='bbox 355 2196 404 2244; x_wconf 83' lang='lat' dir='ltr'>vita</span> <span class='ocrx_word' id='word_1_134' title='bbox 420 2195 454 2244; x_wconf 85' lang='lat' dir='ltr'>est</span> <span class='ocrx_word' id='word_1_135' title='bbox 467 2197 551 2244; x_wconf 88' lang='lat' dir='ltr'>mortis</span> <span class='ocrx_word' id='word_1_136' title='bbox 567 2194 678 2244; x_wconf 81' lang='lat' dir='ltr'>habenda</span> <span class='ocrx_word' id='word_1_137' title='bbox 694 2209 779 2260; x_wconf 86' lang='lat' dir='ltr'>genus.</span> <span class='ocrx_word' id='word_1_138' title='bbox 874 2203 905 2240; x_wconf 77' lang='grc' dir='ltr'>ιο</span> 
     </span>
    </p>

    <p class='ocr_par' dir='ltr' id='par_1_13' title="bbox 155 2264 928 2406">
     <span class='ocr_line' id='line_1_23' title="bbox 155 2264 928 2332; baseline -0.005 -17"><span class='ocrx_word' id='word_1_139' title='bbox 155 2267 207 2316; x_wconf 84' lang='lat' dir='ltr'>Nos</span> <span class='ocrx_word' id='word_1_140' title='bbox 223 2278 317 2331; x_wconf 84' lang='lat' dir='ltr'>premat</span> <span class='ocrx_word' id='word_1_141' title='bbox 332 2280 373 2316; x_wconf 85' lang='lat' dir='ltr'>aut</span> <span class='ocrx_word' id='word_1_142' title='bbox 389 2269 456 2317; x_wconf 86' lang='lat' dir='ltr'>belle</span> <span class='ocrx_word' id='word_1_143' title='bbox 472 2268 546 2317; x_wconf 85' lang='lat' dir='ltr'>tellus</span> <span class='ocrx_word' id='word_1_144' title='bbox 558 2301 565 2326; x_wconf 88' lang='lat'>,</span> <span class='ocrx_word' id='word_1_145' title='bbox 579 2280 621 2316; x_wconf 88' lang='lat' dir='ltr'>aut</span> <span class='ocrx_word' id='word_1_146' title='bbox 636 2266 726 2332; x_wconf 81' lang='lat' dir='ltr'>frigore</span> <span class='ocrx_word' id='word_1_147' title='bbox 745 2264 852 2312; x_wconf 84' lang='lat' dir='ltr'>coelum:</span> <span class='ocrx_word' id='word_1_148' title='bbox 925 2325 928 2330; x_wconf 18' lang='grc' dir='ltr'>ἱ</span> 
     </span>
     <span class='ocr_line' id='line_1_24' title="bbox 179 2330 833 2406; baseline -0.006 -19"><span class='ocrx_word' id='word_1_149' title='bbox 179 2330 306 2404; x_wconf 69' lang='grc' dir='ltr'>Ἴτυκφιε</span> <span class='ocrx_word' id='word_1_150' title='bbox 320 2337 400 2390; x_wconf 86' lang='lat' dir='ltr'>Getes</span> <span class='ocrx_word' id='word_1_151' title='bbox 416 2340 487 2390; x_wconf 86' lang='lat' dir='ltr'>armis</span> <span class='ocrx_word' id='word_1_152' title='bbox 499 2373 507 2398; x_wconf 90' lang='lat'>,</span> <span class='ocrx_word' id='word_1_153' title='bbox 521 2340 638 2406; x_wconf 82' lang='lat' dir='ltr'>grandine</span> <span class='ocrx_word' id='word_1_154' title='bbox 655 2337 734 2404; x_wconf 84' lang='lat' dir='ltr'>pulset</span> <span class='ocrx_word' id='word_1_155' title='bbox 749 2337 833 2386; x_wconf 83' lang='lat' dir='ltr'>hiems.</span> 
     </span>
    </p>

    <p class='ocr_par' dir='ltr' id='par_1_14' title="bbox 155 2408 807 2480">
     <span class='ocr_line' id='line_1_25' title="bbox 155 2408 807 2480; baseline -0.003 -20"><span class='ocrx_word' id='word_1_156' title='bbox 155 2413 206 2460; x_wconf 87' lang='lat' dir='ltr'>Nos</span> <span class='ocrx_word' id='word_1_157' title='bbox 220 2411 311 2462; x_wconf 78' lang='lat' dir='ltr'>habear</span> <span class='ocrx_word' id='word_1_158' title='bbox 327 2413 415 2480; x_wconf 84' lang='lat' dir='ltr'>regio,</span> <span class='ocrx_word' id='word_1_159' title='bbox 433 2428 479 2462; x_wconf 84' lang='lat' dir='ltr'>nee</span> <span class='ocrx_word' id='word_1_160' title='bbox 494 2428 567 2478; x_wconf 87' lang='lat' dir='ltr'>pomo</span> <span class='ocrx_word' id='word_1_161' title='bbox 585 2412 654 2468; x_wconf 84' lang='lat' dir='ltr'>feta,</span> <span class='ocrx_word' id='word_1_162' title='bbox 671 2427 717 2462; x_wconf 88' lang='lat' dir='ltr'>nec</span> <span class='ocrx_word' id='word_1_163' title='bbox 734 2408 807 2468; x_wconf 74' lang='lat' dir='ltr'>uvis5</span> 
     </span>
    </p>

    <p class='ocr_par' dir='ltr' id='par_1_15' title="bbox 190 2483 712 2550">
     <span class='ocr_line' id='line_1_26' title="bbox 190 2483 712 2550; baseline 0 -16"><span class='ocrx_word' id='word_1_164' title='bbox 190 2485 222 2534; x_wconf 89' lang='lat' dir='ltr'>Et</span> <span class='ocrx_word' id='word_1_165' title='bbox 239 2483 308 2550; x_wconf 76' lang='lat' dir='ltr'>cujus</span> <span class='ocrx_word' id='word_1_166' title='bbox 323 2486 414 2534; x_wconf 85' lang='lat' dir='ltr'>nullum</span> <span class='ocrx_word' id='word_1_167' title='bbox 432 2483 505 2535; x_wconf 84' lang='lat' dir='ltr'>ceffet</span> <span class='ocrx_word' id='word_1_168' title='bbox 522 2487 551 2534; x_wconf 84' lang='lat' dir='ltr'>ab</span> <span class='ocrx_word' id='word_1_169' title='bbox 566 2484 634 2535; x_wconf 83' lang='lat' dir='ltr'>hoste</span> <span class='ocrx_word' id='word_1_170' title='bbox 650 2485 712 2534; x_wconf 84' lang='lat' dir='ltr'>latus</span> 
     </span>
    </p>

    <p class='ocr_par' dir='ltr' id='par_1_16' title="bbox 157 2556 904 2697">
     <span class='ocr_line' id='line_1_27' title="bbox 157 2556 904 2623; baseline -0.004 -18"><span class='ocrx_word' id='word_1_171' title='bbox 157 2556 246 2606; x_wconf 86' lang='lat' dir='ltr'>Cetera</span> <span class='ocrx_word' id='word_1_172' title='bbox 261 2556 292 2606; x_wconf 90' lang='lat' dir='ltr'>sit</span> <span class='ocrx_word' id='word_1_173' title='bbox 307 2556 385 2623; x_wconf 84' lang='lat' dir='ltr'>sospes</span> <span class='ocrx_word' id='word_1_174' title='bbox 404 2559 525 2608; x_wconf 84' lang='lat' dir='ltr'>cultorum</span> <span class='ocrx_word' id='word_1_175' title='bbox 537 2559 609 2608; x_wconf 82' lang='lat' dir='ltr'>turba</span> <span class='ocrx_word' id='word_1_176' title='bbox 625 2568 744 2613; x_wconf 69' lang='lat' dir='ltr'>tuorum</span> <span class='ocrx_word' id='word_1_177' title='bbox 874 2565 904 2614; x_wconf 89' lang='lat'>15</span> 
     </span>
     <span class='ocr_line' id='line_1_28' title="bbox 191 2618 799 2697; baseline -0.003 -17"><span class='ocrx_word' id='word_1_178' title='bbox 191 2631 220 2680; x_wconf 89' lang='lat' dir='ltr'>ln</span> <span class='ocrx_word' id='word_1_179' title='bbox 237 2618 340 2695; x_wconf 66' lang='lat' dir='ltr'>quibus,</span> <span class='ocrx_word' id='word_1_180' title='bbox 360 2645 388 2682; x_wconf 87' lang='lat' dir='ltr'>ut</span> <span class='ocrx_word' id='word_1_181' title='bbox 403 2631 513 2697; x_wconf 82' lang='lat' dir='ltr'>populo,</span> <span class='ocrx_word' id='word_1_182' title='bbox 531 2647 586 2697; x_wconf 88' lang='lat' dir='ltr'>pars</span> <span class='ocrx_word' id='word_1_183' title='bbox 603 2645 650 2696; x_wconf 84' lang='lat' dir='ltr'>ego</span> <span class='ocrx_word' id='word_1_184' title='bbox 665 2645 738 2695; x_wconf 83' lang='lat' dir='ltr'>parva</span> <span class='ocrx_word' id='word_1_185' title='bbox 755 2625 799 2678; x_wconf 79' lang='lat' dir='ltr'>fui.</span> 
     </span>
    </p>

    <p class='ocr_par' dir='ltr' id='par_1_17' title="bbox 156 2700 857 2842">
     <span class='ocr_line' id='line_1_29' title="bbox 156 2700 857 2762; baseline 0.001 -11"><span class='ocrx_word' id='word_1_186' title='bbox 156 2701 200 2751; x_wconf 87' lang='lat' dir='ltr'>Me</span> <span class='ocrx_word' id='word_1_187' title='bbox 217 2702 327 2752; x_wconf 86' lang='lat' dir='ltr'>miserum</span> <span class='ocrx_word' id='word_1_188' title='bbox 345 2702 351 2750; x_wconf 94' lang='lat'>!</span> <span class='ocrx_word' id='word_1_189' title='bbox 369 2703 389 2753; x_wconf 90' lang='lat' dir='ltr'>si</span> <span class='ocrx_word' id='word_1_190' title='bbox 404 2715 433 2752; x_wconf 90' lang='lat' dir='ltr'>tu</span> <span class='ocrx_word' id='word_1_191' title='bbox 448 2703 529 2752; x_wconf 80' lang='lat' dir='ltr'>uerbis</span> <span class='ocrx_word' id='word_1_192' title='bbox 544 2700 673 2753; x_wconf 83' lang='lat' dir='ltr'>offenderis</span> <span class='ocrx_word' id='word_1_193' title='bbox 687 2701 755 2758; x_wconf 79' lang='lat' dir='ltr'>iuis,</span> <span class='ocrx_word' id='word_1_194' title='bbox 852 2751 857 2762; x_wconf 83' lang='grc'>,</span> 
     </span>
     <span class='ocr_line' id='line_1_30' title="bbox 192 2773 700 2842; baseline -0.002 -18"><span class='ocrx_word' id='word_1_195' title='bbox 192 2777 294 2840; x_wconf 86' lang='lat' dir='ltr'>Nosque</span> <span class='ocrx_word' id='word_1_196' title='bbox 311 2791 384 2842; x_wconf 86' lang='lat' dir='ltr'>negas</span> <span class='ocrx_word' id='word_1_197' title='bbox 400 2775 449 2826; x_wconf 74' lang='lat' dir='ltr'>unt</span> <span class='ocrx_word' id='word_1_198' title='bbox 465 2787 534 2841; x_wconf 84' lang='lat' dir='ltr'>parte</span> <span class='ocrx_word' id='word_1_199' title='bbox 551 2773 619 2827; x_wconf 69' lang='lat' dir='ltr'>fuisse</span> <span class='ocrx_word' id='word_1_200' title='bbox 635 2786 700 2826; x_wconf 87' lang='lat' dir='ltr'>tuos.</span> 
     </span>
    </p>

    <p class='ocr_par' dir='ltr' id='par_1_18' title="bbox 155 2845 805 2914">
     <span class='ocr_line' id='line_1_31' title="bbox 155 2845 805 2914; baseline -0.008 -16"><span class='ocrx_word' id='word_1_201' title='bbox 155 2849 231 2913; x_wconf 77' lang='lat' dir='ltr'>idque</span> <span class='ocrx_word' id='word_1_202' title='bbox 248 2850 280 2897; x_wconf 86' lang='lat' dir='ltr'>sit</span> <span class='ocrx_word' id='word_1_203' title='bbox 295 2860 323 2897; x_wconf 93' lang='lat' dir='ltr'>ut</span> <span class='ocrx_word' id='word_1_204' title='bbox 339 2865 443 2906; x_wconf 77' lang='lat' dir='ltr'>verum,</span> <span class='ocrx_word' id='word_1_205' title='bbox 461 2845 563 2898; x_wconf 87' lang='lat' dir='ltr'>mentito</span> <span class='ocrx_word' id='word_1_206' title='bbox 577 2847 703 2914; x_wconf 85' lang='lat' dir='ltr'>ignoscere</span> <span class='ocrx_word' id='word_1_207' title='bbox 721 2846 805 2895; x_wconf 88' lang='lat' dir='ltr'>debes.</span> 
     </span>
    </p>

    <p class='ocr_par' dir='ltr' id='par_1_19' title="bbox 155 2919 909 2991">
     <span class='ocr_line' id='line_1_32' title="bbox 155 2919 909 2991; baseline 0 -22"><span class='ocrx_word' id='word_1_208' title='bbox 155 2985 158 2991; x_wconf 29' lang='grc' dir='ltr'><strong><em>Ι</em></strong></span> <span class='ocrx_word' id='word_1_209' title='bbox 191 2922 233 2969; x_wconf 82' lang='lat' dir='ltr'>Nil</span> <span class='ocrx_word' id='word_1_210' title='bbox 249 2920 323 2971; x_wconf 87' lang='lat' dir='ltr'>demit</span> <span class='ocrx_word' id='word_1_211' title='bbox 337 2921 401 2974; x_wconf 87' lang='lat' dir='ltr'>laudi</span> <span class='ocrx_word' id='word_1_212' title='bbox 416 2922 492 2990; x_wconf 84' lang='lat' dir='ltr'>gloria</span> <span class='ocrx_word' id='word_1_213' title='bbox 506 2919 584 2971; x_wconf 81' lang='lat' dir='ltr'>nostra</span> <span class='ocrx_word' id='word_1_214' title='bbox 600 2932 656 2970; x_wconf 79' lang='lat' dir='ltr'>tuae·</span> <span class='ocrx_word' id='word_1_215' title='bbox 874 2926 909 2961; x_wconf 83' lang='lat'>20</span> 
     </span>
    </p>

    <p class='ocr_par' dir='ltr' id='par_1_20' title="bbox 157 2986 782 3059">
     <span class='ocr_line' id='line_1_33' title="bbox 157 2986 782 3059; baseline -0.01 -17"><span class='ocrx_word' id='word_1_216' title='bbox 157 2995 218 3057; x_wconf 82' lang='lat' dir='ltr'>Quis</span> <span class='ocrx_word' id='word_1_217' title='bbox 234 2993 258 3042; x_wconf 85' lang='lat' dir='ltr'>se</span> <span class='ocrx_word' id='word_1_218' title='bbox 276 2992 408 3043; x_wconf 80' lang='lat' dir='ltr'>Caesaribus</span> <span class='ocrx_word' id='word_1_219' title='bbox 426 2994 490 3044; x_wconf 87' lang='lat' dir='ltr'>netis</span> <span class='ocrx_word' id='word_1_220' title='bbox 506 3011 556 3043; x_wconf 89' lang='lat' dir='ltr'>non</span> <span class='ocrx_word' id='word_1_221' title='bbox 571 2991 640 3059; x_wconf 85' lang='lat' dir='ltr'>fingit</span> <span class='ocrx_word' id='word_1_222' title='bbox 656 2986 782 3043; x_wconf 81' lang='lat' dir='ltr'>amicum?</span> 
     </span>
    </p>

    <p class='ocr_par' dir='ltr' id='par_1_21' title="bbox 190 3063 724 3134">
     <span class='ocr_line' id='line_1_34' title="bbox 190 3063 724 3134; baseline -0.007 -16"><span class='ocrx_word' id='word_1_223' title='bbox 190 3065 230 3118; x_wconf 86' lang='lat' dir='ltr'>Da</span> <span class='ocrx_word' id='word_1_224' title='bbox 246 3065 342 3130; x_wconf 69' lang='lat' dir='ltr'>veniant</span> <span class='ocrx_word' id='word_1_225' title='bbox 357 3065 415 3118; x_wconf 75' lang='lat' dir='ltr'>taffo</span> <span class='ocrx_word' id='word_1_226' title='bbox 427 3063 447 3126; x_wconf 78' lang='lat'>,&#39;</span> <span class='ocrx_word' id='word_1_227' title='bbox 458 3078 486 3117; x_wconf 92' lang='lat' dir='ltr'>tu</span> <span class='ocrx_word' id='word_1_228' title='bbox 501 3066 558 3134; x_wconf 71' lang='lat' dir='ltr'>milri</span> <span class='ocrx_word' id='word_1_229' title='bbox 571 3063 653 3116; x_wconf 79' lang='lat' dir='ltr'>Caesar</span> <span class='ocrx_word' id='word_1_230' title='bbox 668 3064 724 3115; x_wconf 85' lang='lat' dir='ltr'>eris.</span> 
     </span>
    </p>
   </div>
   <div class='ocr_carea' id='block_1_5' title="bbox 0 0 1200 3942">
    <p class='ocr_par' dir='ltr' id='par_1_22' title="bbox 0 0 1200 3942">
     <span class='ocr_line' id='line_1_35' title="bbox 0 0 1200 3942; baseline 0 0"><span class='ocrx_word' id='word_1_231' title='bbox 0 0 1200 3942; x_wconf 95' lang='lat' dir='ltr'> </span> 
     </span>
    </p>
   </div>
  </div>
 </body>
</html>
