2367 3942
215 444 358 513 Errat.
385 460 443 513 nx
469 448 615 515 Pouro
639 444 679 513 L.
703 446 773 517 IV.
802 446 876 540 365

168 562 229 629 Styx
240 579 354 629 quoque,
367 560 495 628 siquiden
506 562 539 612 esl
550 596 559 618 ,
572 564 636 613 bene
646 564 831 615 commutabitur
842 565 900 616 lllto
913 582 921 615 t

205 636 230 685 si
241 636 296 701 quid
309 636 445 685 &inferius
456 668 464 694 ,
477 639 547 700 quim
557 636 650 703 Styga,
663 637 766 687 mundus
774 639 857 691 habet.

169 706 287 768 Gramina
298 710 377 758 cultus
387 724 444 775 ager
455 740 464 763 ,
478 707 552 774 frigus
564 706 641 763 niinuis
653 709 705 757 odit
715 710 837 772 hirundo,

204 779 315 833 Proxima
329 780 467 831 Marticolis
483 784 553 846 quim
568 782 623 831 loca
637 782 703 831 Naso
719 780 801 834 Getis.

167 852 239 901 Talia
256 853 395 903 succensent
411 865 511 920 propter
526 853 584 903 mihi
599 855 674 904 verba
690 853 815 916 Tomitae,
887 871 917 921 ις

203 926 289 991 Iraque
307 926 448 977 carminibus
464 926 561 991 publica
576 938 643 977 mota
658 928 726 979 meis.

166 998 232 1066 Ergo
241 1014 296 1067 nego
311 998 405 1049 cessabo
420 1016 548 1066 numquam
563 1016 608 1065 per
623 1000 730 1051 carmine
742 1000 818 1061 laedi,

204 1070 296 1121 Pleslar
312 1073 338 1123 δι
354 1071 452 1122 incauto
469 1072 561 1138 semper
576 1074 606 1121 ab
624 1072 747 1140 iugenio?

166 1144 233 1211 Ergo
250 1160 316 1212 ego,
333 1162 364 1195 ne
381 1144 500 1203 scribam,
518 1145 608 1212 digitos
623 1146 730 1197 incidere
746 1146 868 1197 cunslor?

201 1216 313 1283 Telaque
327 1217 405 1269 adhuc
419 1218 534 1276 demens,
554 1235 608 1283 quae
622 1228 749 1277 nocuere,
765 1220 869 1286 sequor?
884 1237 917 1271 20

163 1290 204 1339 Ad
218 1302 316 1341 veteres
332 1290 445 1356 scopulos
459 1292 547 1343 iterum
560 1291 697 1348 desertam
712 1293 742 1341 ad
755 1293 826 1351 illas,

201 1362 229 1411 ln
245 1364 331 1429 quibus
345 1362 446 1413 offendit
462 1364 575 1429 naufraga
591 1364 697 1429 puppis,
712 1381 795 1430 aquas.

104 1484 107 1493 ,
165 1434 214 1485 Sed
228 1436 286 1486 nihil
300 1434 401 1487 admisi:
414 1434 479 1485 nulla
494 1435 528 1485 esi
544 1429 598 1485 niea
610 1437 698 1503 culpa,
718 1437 844 1497 Tomitae

203 1507 275 1571 Quos
292 1524 360 1576 ego,
378 1504 431 1558 crim
447 1510 502 1557 loca
515 1507 560 1558 sim
576 1506 654 1558 vestra
670 1510 788 1573 perosus,
806 1528 871 1561 amo.
923 1565 925 1568 ,

164 1579 277 1643 Quilibet
293 1580 402 1631 excutiat
418 1580 490 1631 nostri
503 1593 657 1631 monumenta
675 1582 782 1638 laboris,
881 1597 913 1645 25

201 1652 284 1702 Litera
301 1653 331 1703 de
347 1653 417 1703 vobis
433 1652 466 1704 esl
482 1668 534 1703 mea
550 1652 631 1720 quella
646 1653 715 1703 nihil.

164 1723 270 1790 frigus,
289 1724 314 1773 δι
329 1724 436 1775 incursus
451 1727 516 1775 omni
531 1727 560 1775 de
575 1738 645 1792 parre
663 1727 802 1788 timendos,

202 1797 234 1847 Et
248 1798 314 1863 quoti
328 1798 434 1863 pulsetur
450 1816 530 1849 murus
547 1800 575 1849 ab
591 1798 678 1858 lroste,
697 1800 794 1866 quero'r.

165 1870 191 1920 ln
210 1871 283 1928 loca,
302 1887 351 1920 non
368 1872 496 1930 homines,
512 1873 636 1923 verissima
653 1873 750 1924 crimina
767 1876 836 1927 dixi:

203 1942 310 2010 Culpatis
320 1942 427 1999 ‘vestrum
441 1960 601 2013 torqueque
616 1946 679 2012 sepe
695 1948 780 2001 solium.
881 1961 916 2015 30

165 2016 228 2067 Esset
244 2016 364 2083 perpetu&
380 2018 419 2067 sua
435 2022 503 2083 quim
518 2019 622 2069 vitabilis
640 2020 732 2078 Ascra,

200 2089 265 2139 slusa
281 2090 314 2139 ess
327 2090 439 2156 agricolae
457 2090 527 2140 Musa
545 2090 635 2140 docere
652 2091 723 2141 senis.

163 2161 198 2215 At
214 2162 294 2211 suerat
308 2162 374 2213 terri
389 2162 483 2229 genitus
495 2196 502 2222 ,
521 2163 561 2229 qui
577 2164 690 2229 scripsit,
706 2165 732 2216 in
745 2164 805 2215 illae

201 2235 317 2285 Intumuit
331 2235 380 2285 vati
396 2252 442 2285 nec
458 2249 539 2287 tamen
555 2236 630 2286 Ascra
646 2236 698 2287 suo.

162 2305 227 2369 Quis
242 2308 341 2373 patriam
358 2308 455 2359 sollerte
472 2310 546 2376 tnagis
562 2310 647 2359 dilexit
659 2307 765 2377 Ulysse?
880 2324 913 2377 35

200 2379 257 2429 Hoc
269 2392 353 2429 tamen
368 2379 480 2446 asperitas
495 2382 573 2431 indice
588 2395 647 2432 nota
663 2384 712 2432 loci
728 2382 773 2436 eil.

161 2453 221 2503 Non
237 2454 310 2511 loca,
326 2453 367 2503 sed
382 2470 461 2504 mores
478 2454 544 2505 diuis
559 2456 658 2505 vexavit
671 2457 756 2505 amaris

200 2526 314 2590 Scepsius
330 2525 468 2586 Ausonios,
487 2528 583 2593 asiaque
600 2528 678 2579 Roma
694 2546 735 2579 rea
751 2528 794 2581 eli.

163 2598 230 2649 Falsa
246 2610 326 2649 tamen
341 2598 403 2665 palla
419 2598 452 2649 est
466 2600 535 2665 aequi
551 2601 661 2651 convicia
673 2614 775 2661 mente,

104 2728 111 2741 ,
201 2668 289 2719 Obsuit
304 2672 394 2722 auslori
410 2688 456 2723 nec
473 2673 524 2722 seta
540 2673 621 2739 lingua
637 2674 688 2725 suo.
879 2690 915 2737 4ο

160 2741 199 2793 At
214 2743 287 2793 malus
305 2743 440 2811 interpres,
456 2746 540 2811 populi
555 2746 613 2795 mihi
630 2749 737 2798 concitat
752 2748 830 2807 iram,

202 2815 279 2880 inque
293 2833 381 2867 novum
398 2818 487 2868 crimen
505 2819 608 2869 tarntina
623 2820 700 2871 nostra
715 2832 797 2870 vocat.

164 2886 227 2935 Tam
242 2888 300 2937 selix
314 2890 402 2939 utinam
416 2925 423 2950 ,
441 2894 510 2957 quim
523 2892 621 2957 peslote
636 2891 770 2949 candidus,
787 2887 878 2941 effem!

200 2958 282 3011 Exstat
297 2962 374 3011 adhuc
390 2980 462 3013 nemo
479 2964 569 3015 saucius
587 2980 631 3015 ore
647 2981 713 3014 tneo.

162 3031 254 3089 Adde,
270 3034 334 3099 quod
349 3034 445 3102 lllyrici
460 3036 480 3087 si
494 3035 540 3101 jam
556 3036 609 3102 pice
623 3037 713 3104 nigrior
728 3035 814 3094 essem,
878 3050 912 3098 45

197 3105 256 3157 Non
272 3108 402 3160 mordenda
418 3108 475 3161 mihi
492 3110 561 3161 turba
578 3108 656 3162 fidelis
673 3117 735 3161 eret.

760 3179 823 3245 Qu
