2367 3942
316 449 393 526 234
415 431 456 497 P.
485 429 681 500 orum
705 427 933 499 Nasonrs

316 548 392 599 Certe
401 563 449 616 ego
463 581 471 606 ,
485 548 506 598 ri
516 548 610 598 sineres
621 580 631 607 ‚
645 546 741 598 titulum
752 545 797 597 tibi
808 547 912 600 reddere
922 553 1038 613 vellem,

351 621 383 671 Et
394 637 471 671 raram
485 621 563 672 Fame
579 620 711 672 conciliare
724 619 806 671 sidem.

276 711 306 757 15
317 697 357 746 Ne
372 711 474 745 noceam
487 706 575 761 grato,
590 709 699 752 vereor,
715 695 759 744 tibi
776 694 898 755 terminer
917 711 988 747 neve

352 766 534 834 intempestivus
548 767 651 817 nominis
669 766 746 816 obstet
762 767 851 818 honos.

317 841 393 906 Quod
401 841 460 891 licet
471 841 586 892 &tutum
597 839 631 888 est
643 873 651 898 ,
662 840 724 889 intra
734 852 775 890 tua
785 839 883 905 pesiora
895 873 903 899 ,
915 843 1017 910 gaude,

351 914 444 980 Meque
461 916 497 963 tui
511 929 662 971 memorem,
679 924 755 979 teque
769 911 836 963 fuisse
853 915 911 964 mei.

315 987 399 1054 thue
409 986 489 1054 sacis„
505 986 578 1036 remis
587 987 617 1036 ad
628 1001 699 1052 opem
710 985 799 1036 lusiare
810 986 937 1036 serendam
949 1019 959 1048 ,

273 1076 307 1110 20
353 1061 420 1110 Dum
433 1061 516 1110 veniat
531 1058 628 1126 placido
642 1059 739 1108 mollior
753 1075 809 1109 aura
823 1059 883 1110 Deo
895 1075 903 1111 t

318 1133 348 1183 Et
363 1145 443 1183 tutare
459 1145 532 1199 capot
548 1132 608 1182 nulli
621 1131 757 1191 servabile,
777 1134 797 1182 si
813 1149 862 1183 non

353 1205 404 1270 Qui
420 1207 504 1256 mersit
518 1204 621 1274 Stygii,
638 1205 747 1256 sublevet
763 1205 840 1264 illud,
856 1206 930 1274 aqui.

304 1277 404 1346 'Teque
415 1314 423 1339 ,
441 1279 507 1347 quod
517 1278 550 1327 esi
560 1295 639 1328 rarum
651 1312 660 1334 ,
673 1277 756 1345 praesta
767 1279 904 1331 constanter
913 1281 945 1331 ad
956 1298 1030 1332 omne

353 1353 507 1403 indeclinatae
523 1368 610 1402 munus
627 1351 748 1402 amicitiae.

274 1441 306 1489 25
321 1425 362 1476 stc
378 1439 420 1476 tua
435 1423 557 1493 proceti'us
568 1426 658 1475 babeat
673 1427 780 1476 Fortuna
795 1441 937 1492 perennes:

354 1500 393 1549 Sic
410 1517 458 1566 ope
473 1515 522 1549 non
539 1515 613 1567 egeas
628 1499 697 1564 ipse,
717 1498 834 1565 juvesque
850 1511 917 1549 tuos.

317 1572 357 1622 Sic
374 1585 455 1640 aequet
469 1583 512 1623 tua
528 1584 604 1639 nupta
619 1573 697 1622 virum
713 1573 821 1621 bonitate
836 1571 959 1637 pereuni;

352 1646 445 1695 incidat
462 1645 489 1696 δι
503 1644 583 1703 vestro
599 1661 651 1695 rara
666 1647 765 1714 querela
780 1658 847 1695 toro.

316 1718 448 1785 Diligat&
463 1717 555 1783 semper
569 1717 648 1767 socius
662 1731 688 1767 te
703 1718 819 1786 sanguinis
834 1719 898 1776 illo,

274 1801 307 1851 30
353 1789 412 1852 Quo
427 1791 480 1856 pius
494 1789 581 1838 affeetu
598 1789 696 1839 Castora
709 1791 784 1840 frater
801 1803 874 1843 amat.

316 1862 355 1911 sic
371 1861 487 1926 juvenis,
505 1861 638 1928 similisque
654 1862 698 1912 tibi
712 1863 744 1912 rit
762 1875 832 1914 natus
845 1877 861 1922 ‚¹
870 1865 896 1916 bt
908 1865 976 1914 iilum

351 1935 463 1987 Moribus
477 1933 591 2002 agnoscat
606 1933 707 2003 quilibet
721 1933 769 1986 esse
784 1949 864 1988 tuum.

315 2007 355 2060 sic
369 2009 478 2062 soterum
491 2008 564 2060 saciat
578 2008 642 2060 rada
658 2021 684 2060 te
698 2021 753 2059 nata
770 2008 846 2078 jugali
854 2027 863 2068 3

352 2084 407 2135 Nec
421 2084 515 2135 tardum
529 2080 613 2148 juveni
631 2081 672 2134 det
688 2083 733 2134 tibi
748 2100 837 2134 nomen
853 2083 901 2134 avi.

312 2173 957 2246 ργ--Ξῆᾟξξιετ-τθ·

444 2293 701 2356 ELEGIA
750 2292 854 2354 vt*

311 2385 492 2500 Timon!
510 2451 623 2501 ruricolae
639 2450 733 2513 patiens
748 2447 778 2498 fit
789 2459 872 2512 taurus
887 2450 977 2510 aratri,

349 2521 443 2572 Praebet
459 2523 484 2572 &
499 2522 601 2586 incurvo
617 2522 680 2571 colle
694 2519 827 2587 premenda
842 2518 911 2586 jugo.
966 2571 969 2582 ¹

311 2594 435 2660 Tempore
448 2606 518 2660 paret
533 2611 609 2661 equus
626 2593 698 2644 lentis
712 2592 830 2644 animosus
846 2593 965 2654 habenis,

273 2713 277 2721 ,
347 2667 378 2716 Et
394 2668 488 2733 placido
505 2667 579 2717 duros
595 2667 683 2733 accipit
701 2685 744 2718 ore
759 2669 839 2733 lupos.

289 2755 300 2803 ς
314 2739 438 2804 Tempore
453 2739 584 2790 Poenorum
603 2741 763 2808 compescitur
778 2740 813 2790 ira
829 2742 926 2790 leonum
939 2754 947 2799 3

347 2815 402 2863 Nec
419 2813 502 2864 feritas
520 2814 619 2874 animo,
639 2833 691 2882 quae
706 2816 751 2866 suit
765 2825 840 2872 ante,
858 2825 945 2864 manet.

311 2885 422 2954 Quaeque
438 2887 473 2938 sui
488 2888 586 2939 monitis
604 2891 756 2956 obtemperat
770 2888 828 2938 Inda
845 2883 964 2960 Magistri*
999 2917 1002 2926 ι

345 2961 449 3021 bellua,
469 2962 592 3012 servitium
609 2974 720 3029 tempore
733 2962 793 3012 vitta
810 2960 881 3012 subit.
950 2971 953 2979 ¹

310 3032 437 3098 Tempus,
454 3048 482 3084 ut
498 3036 604 3086 extentis
619 3047 712 3086 tumeat
726 3037 785 3086 facit
801 3051 848 3085 uve
864 3032 977 3089 ratense,

268 3117 299 3151 10
348 3107 447 3173 Vixque
457 3126 549 3170 merum
561 3109 659 3178 capiunt
670 3125 741 3179 grana
756 3144 763 3168 ‚
776 3109 840 3176 quod
850 3108 912 3158 intus
921 3107 1010 3156 habent.
