2367 3942
797 326 802 351 l

424 401 447 469 1
471 418 495 469 a
525 396 543 469 ‘r
569 415 600 467 S.
784 399 857 493 383

150 525 224 588 Inque
242 535 316 587 pecus
332 516 410 569 subiti>
427 519 524 585 Magne
539 531 636 569 vertare
652 517 782 577 Parentis,

186 594 271 647 viator
285 607 312 643 ot
327 591 360 641 est
377 592 452 641 celeri
467 592 576 659 vistaque
591 590 659 641 versa
674 591 748 657 pede.

151 670 255 732 Solaque
273 664 374 715 Limone
391 681 486 729 poenam
504 681 535 715 ne
553 664 652 714 senserit
665 664 749 721 illam,

188 740 218 789 Et
235 750 276 789 tua
293 738 365 789 dente
379 738 433 787 sero
448 737 539 789 viscera
557 749 640 802 carpat
656 754 741 802 equos.
869 737 921 799 460

156 813 223 870 Aut,
243 823 270 861 ut
285 808 460 869 Cassandreus,
478 810 575 863 domino
590 827 640 859 non
656 811 737 861 mitior
751 810 814 869 illo,

189 885 289 934 Saucius
307 882 395 951 ingesta
413 882 584 933 contumuleris
603 884 685 933 humo.

155 958 228 1012 Aut,
247 968 274 1007 ut
287 956 453 1015 Abantiades,
472 968 514 1007 aut
531 968 558 1006 ut
577 954 705 1023 Cygneius
720 956 814 1015 heros,

192 1029 293 1104 Clausus
308 1029 332 1079 in
349 1046 473 1094 aequoreas
489 1029 647 1095 praecipiteris
663 1046 745 1096 aquas.
795 1058 804 1072 ·

155 1103 258 1155 Vislima
273 1104 313 1153 vel
329 1101 423 1152 Phoebo
440 1102 516 1152 sacras
533 1102 642 1153 masleris
659 1104 690 1151 ad
706 1118 779 1162 aras,
870 1100 905 1163 46
911 1116 921 1162 5

192 1174 272 1238 Quam
287 1176 342 1224 tulit
357 1192 370 1223 a
387 1176 450 1225 savo
466 1173 611 1225 Theudotus
627 1174 694 1224 hoste
710 1190 807 1225 necem.

156 1249 208 1301 Aut
224 1260 248 1297 te
266 1248 387 1301 devoveat
404 1247 477 1297 certis
492 1247 590 1297 Abdera
606 1246 710 1303 diebus,

194 1320 301 1386 Saxaque
318 1321 433 1370 devotum
447 1319 562 1389 grandine
577 1320 645 1384 plura
660 1329 755 1384 petant.

159 1392 209 1443 Aut
225 1392 293 1443 Jovis
309 1392 385 1441 infesti
402 1393 454 1441 telo
471 1392 558 1443 feriare
574 1391 692 1450 trisulco,

194 1464 230 1513 Ut
246 1464 309 1515 satus
325 1464 478 1529 Hipponoo,
497 1464 681 1529 Dositho'e'sque
697 1475 786 1531 pater:
874 1478 926 1528 470

160 1538 197 1588 Ut
215 1537 282 1587 soror
297 1537 447 1595 Autonois,
465 1549 494 1587 ut
510 1537 548 1587 cui
564 1549 694 1587 matertera
708 1535 776 1602 Maja
793 1534 846 1587 est:

197 1610 233 1658 Ut
248 1608 340 1658 temet'e
357 1620 454 1674 optatos
469 1610 509 1675 qui
526 1608 587 1659 mal'e
604 1610 667 1659 rexit
682 1626 768 1677 equos.

160 1682 197 1731 Ut
213 1682 278 1729 serus
290 1679 419 1740 AEolides,
436 1694 464 1731 ut
480 1682 591 1749 sanguine
605 1695 687 1739 cretus
701 1682 809 1741 eodem,

199 1752 257 1817 Quo
269 1754 351 1820 genita
361 1753 394 1805 est
405 1789 412 1813 ‚
430 1754 524 1820 liquidis
535 1772 587 1821 quae
597 1767 665 1805 caret
675 1755 762 1805 Assios
771 1754 849 1821 aquis.

162 1826 197 1875 Ut
208 1826 315 1877 Macedo
326 1828 412 1895 rapidis
423 1827 468 1877 isla
480 1827 513 1878 esi
524 1845 577 1877 cum
589 1827 694 1896 conjuge
704 1829 803 1879 flammis
813 1862 837 1889 „
877 1843 911 1891 47
918 1843 927 1887 5

199 1899 257 1958 Sir,
276 1917 383 1971 precor,
401 1902 501 1951 aetherei
516 1902 618 1951 vindicis
635 1902 691 1967 igne
708 1902 788 1952 cadas·

163 1971 277 2021 Praedave
294 1974 325 2023 sis
339 1974 405 2030 illis,
423 1975 506 2039 quihus
520 1972 554 2021 est
569 1972 670 2021 Latonia
684 1973 780 2031 Delos,

200 2046 266 2094 Ante
279 2046 341 2095 diem
357 2058 444 2111 rapto,
460 2061 509 2093 non
525 2044 649 2101 adeunda,
665 2044 756 2094 Thaso.

167 2116 266 2183 Quique
282 2118 426 2175 verecundae
443 2115 605 2183 speculantem
622 2118 687 2167 labra
703 2118 807 2176 Dianae,

201 2189 300 2255 Quique
316 2190 480 2255 Crotopiaden
496 2190 615 2257 diripusre
630 2189 716 2240 Linon.
880 2189 933 2251 480

122 2327 127 2332 ι
163 2263 237 2312 Neve
253 2275 374 2313 venenato
389 2260 465 2313 levitis
482 2264 574 2313 seriatis
588 2264 617 2311 ab
631 2280 726 2330 angue,

204 2334 284 2397 Qudm
301 2335 363 2385 senis
380 2335 459 2403 OEagri
477 2336 646 2403 Calliopesque
663 2351 758 2391 nurum

165 2408 246 2472 Quam
257 2424 317 2473 puer
328 2408 476 2475 Hypsipyles
488 2425 494 2459 :
507 2412 575 2475 quam
587 2408 628 2474 qui
638 2425 697 2458 cava
706 2410 795 2475 primus
805 2406 875 2459 acuti

205 2479 310 2545 Cuspide
328 2480 425 2546 suspesli
441 2482 528 2531 robora
544 2480 596 2531 fixit
611 2481 677 2546 equi.

167 2554 238 2602 Neve
256 2554 344 2621 gradus
359 2555 430 2605 adeas
445 2554 566 2619 Elpenore
582 2552 674 2605 cautids
688 2554 771 2605 altos:
881 2551 932 2615 485

205 2625 308 2692 Vimque
325 2627 388 2677 feras
401 2626 471 2685 vini,
490 2643 537 2693 quo
553 2626 610 2676 tulit
624 2628 666 2676 ille
683 2628 766 2677 modo.

167 2694 278 2763 Tamque
289 2699 358 2749 cadas
370 2700 488 2755 domitus,
501 2702 569 2764 quam
581 2698 686 2765 quisquis
696 2700 726 2749 ad
736 2716 799 2750 arma
809 2708 935 2751 vocantem

207 2769 275 2821 Juvit
291 2770 442 2822 inhumanum
456 2772 631 2821 Thiodamanta
648 2773 757 2838 Dryops.

170 2842 251 2906 Quam
269 2842 333 2893 ferus
350 2845 399 2910 ipse
416 2846 457 2895 suo
472 2846 542 2911 periit
558 2846 671 2894 maslatus
684 2848 710 2894 in
723 2857 794 2896 antro

104 2946 108 2952 ·
208 2915 321 2965 Proditus
337 2916 433 2969 inclusae
450 2918 528 2967 Cacus
542 2919 571 2967 ab
589 2935 632 2966 ore
647 2918 726 2967 bovis.
883 2930 937 2981 490

170 2987 251 3052 Quam
269 2988 307 3053 qui
323 2988 385 3039 dona
402 2990 457 3051 tulit
468 2990 569 3041 Lernaeo
585 2989 657 3039 tinsla
672 3006 789 3047 veneno,
819 3037 821 3040 .

209 3060 380 3128 Euboicasque
395 3060 437 3113 suo
454 3061 565 3132 sanguine
580 3063 654 3114 tinxit
668 3080 750 3129 aquas.
