2367 3942
228 384 371 453 Error.
396 397 455 449 nx
480 385 628 449 Ponto
654 381 695 450 L.
719 382 787 452 IV.
814 399 888 476 353

184 502 240 561 stc.
259 500 398 551 affectantes
415 497 519 551 coelestia
534 515 628 567 regna,
647 498 765 567 Gigantas

221 575 261 625 nd
278 574 354 642 Styga
370 574 497 623 nimbifero
515 573 615 622 vindicis
631 573 688 640 igne
707 572 786 623 datos.
903 570 938 621 60

186 649 225 698 Sic
240 648 319 698 vietor
335 646 430 697 laudent
446 646 562 711 superatis
576 646 650 695 Liber
664 644 794 704 abludit,

222 720 324 770 Alcides
342 719 411 785 capti
425 719 497 769 traxit
513 720 542 767 ab
559 718 677 769 ffichalit.

185 794 216 843 Et
226 790 301 843 modo
313 826 320 850 ,
339 791 418 842 Caesar
429 826 436 851 ,
451 792 549 849 Arum,
567 807 638 858 quern
647 793 724 842 virtus
734 789 826 841 addidit
836 788 918 848 astris,

220 867 351 917 Sacrarunt
364 865 442 931 aliqui
460 866 563 915 carmina
578 877 647 930 parte
663 877 740 916 tuum.

185 940 211 989 si
225 938 284 1004 quid
297 938 378 989 adhuc
392 938 465 1005 igitur
481 936 548 996 vivi,
566 936 731 997 Germanice,
747 936 828 990 nostro
901 937 935 999 65

220 1011 303 1061 leenae
318 1011 344 1059 in
360 1011 477 1077 ingenio,
495 1011 583 1062 serviet
599 1028 670 1061 omne
684 1012 739 1061 tibi.

183 1086 242 1137 Non
259 1096 333 1149 potet
349 1081 454 1135 officium
469 1085 530 1135 vatis
546 1097 703 1135 contemnere
717 1096 806 1135 vater:

220 1157 318 1209 Judicio
334 1157 437 1221 pretium
453 1174 494 1207 res
510 1158 584 1208 habet
600 1157 641 1207 ista
657 1171 711 1207 tuo.

186 1230 262 1294 Quod
278 1229 326 1280 nisi
341 1240 367 1281 te
383 1246 472 1279 nomen
487 1242 579 1281 rantum
596 1231 628 1279 ad
640 1229 732 1296 majora
748 1228 877 1289 vocaret,

222 1303 311 1355 Gloria
327 1301 447 1353 Pieridum
462 1303 549 1353 summa
564 1303 658 1353 futurus
672 1318 737 1353 erar.
901 1318 936 1364 70

112 1368 117 1379 ’
184 1376 234 1425 Sed
252 1376 309 1425 dare
325 1376 448 1425 materiam
464 1377 555 1435 nobis,
572 1379 642 1443 quim
658 1376 779 1434 camisia,
796 1374 872 1441 majus
879 1390 893 1423 ¹t

222 1450 371 1499 Nec'tamen
384 1464 415 1499 ex
428 1460 484 1498 toto
501 1448 614 1500 deserere
628 1450 668 1498 illa
680 1460 761 1513 potes.
904 1511 906 1518 Ι

184 1522 248 1570 Nam
259 1520 336 1571 modd·
341 1520 406 1571 bella
417 1522 497 1589 geris,
511 1522 618 1573 numeris
627 1518 700 1572 modd
709 1521 784 1571 verba
795 1520 897 1569 co'e'rces
911 1536 919 1575 3

222 1592 345 1659 Quodque
360 1594 413 1643 aliis
429 1611 490 1660 opus
506 1595 559 1651 est,
577 1597 627 1645 hoc
642 1595 686 1645 tibi
699 1594 769 1643 ludus
782 1593 838 1643 erit.

185 1667 269 1732 thue
279 1682 324 1717 nec
333 1668 362 1717 ad
372 1668 544 1726 citharam,ner
553 1667 583 1717 ad
591 1684 672 1717 arcum
681 1667 758 1735 segnis
766 1665 857 1732 Apollo
866 1663 910 1721 οὓς
921 1680 937 1726 7
942 1678 954 1725 5
1019 1685 1022 1692 ·

222 1739 270 1789 Sed
284 1740 352 1789 venit
369 1741 399 1790 ad
415 1740 490 1791 sacras
502 1758 597 1792 nervus
613 1752 716 1807 uterque
732 1754 836 1791 manus:

186 1812 226 1862 sic
242 1810 287 1861 tibi
302 1829 348 1862 nec
365 1814 444 1871 dotti,
461 1830 507 1864 nec
521 1815 607 1865 desunt
622 1814 739 1880 Principis
754 1826 840 1872 artes;

221 1884 301 1935 Mixta
317 1884 356 1935 sed
371 1886 405 1935 est
420 1887 501 1945 animo
518 1902 572 1935 cum
585 1887 649 1937 Jove
666 1887 734 1936 Musa
748 1898 803 1935 tuo.

143 1982 151 1995 ·
187 1956 250 2021 Quae
266 1958 378 2024 quoniam
394 1972 440 2005 nec
455 1972 499 2006 nos
515 1956 579 2005 unde
596 1957 715 2005 submovit
726 1958 756 2005 ab
770 1958 830 2014 illa,

221 2030 321 2097 Ungula
340 2028 468 2095 Gorgonei
483 2045 551 2095 quam
570 2044 628 2077 cava
644 2029 705 2077 lecit
721 2029 795 2094 equi.
904 2028 938 2077 80

185 2100 288 2160 Prosit,
307 2116 427 2167 opemque
443 2101 506 2150 ferat
523 2102 657 2151 communia
674 2102 739 2151 sacra
753 2101 817 2151 tueri
833 2116 841 2151 t

136 2178 138 2182 ’
223 2175 305 2241 Atque
319 2173 397 2225 isdem
412 2172 493 2224 studiis
508 2174 641 2240 imposuid'e
656 2192 761 2225 manum.

185 2248 269 2299 Litora
286 2247 376 2313 pellitis
392 2246 489 2296 nimium
506 2247 610 2313 subjetla
629 2246 733 2299 Corallis

222 2321 258 2371 Ut
274 2320 391 2373 tandem,
408 2319 482 2369 saevut
497 2320 656 2388 effugiamque
673 2321 771 2377 Getas,

187 2391 323 2459 Clausaque
337 2393 357 2443 si
371 2392 458 2443 misero
471 2395 547 2457 patria
563 2394 616 2450 est,
633 2405 660 2443 ut
674 2411 751 2460 ponar
768 2393 793 2443 in
806 2392 877 2450 ullo,
905 2390 937 2451 85

225 2466 276 2529 Qui
291 2466 367 2517 minus
384 2465 489 2517 Ausonii
504 2466 573 2517 distet
588 2468 617 2515 ab
634 2468 722 2526 Urbe,
739 2468 805 2517 loco.

187 2536 261 2586 Unde
276 2554 329 2591 tuas
345 2539 435 2605 possim
451 2540 535 2589 laudea
552 2540 676 2595 celebrare
691 2553 823 2596 recentes,

227 2608 362 2677 Magnaque
379 2616 449 2679 qualm
464 2611 559 2661 minimi
573 2611 635 2662 iada
648 2613 741 2663 referre
754 2612 832 2662 mori.

188 2682 285 2747 Tangat
300 2695 326 2733 ut
339 2685 388 2735 hoc
405 2696 491 2735 votum
504 2682 609 2735 coelestia
622 2717 630 2742 ,
647 2702 702 2737 care
715 2686 784 2735 Suilli
796 2717 805 2744 ‚

194 2804 198 2810 .
224 2753 347 2817 Numina.
361 2774 406 2826 pro
422 2757 508 2811 socero
523 2775 592 2826 pene
608 2774 709 2826 precare
723 2771 778 2811 tuo.
906 2768 941 2819 90
