2367 3942
257 417 782 487 Tn1ST1UMLIB.III.
821 437 891 488 221
987 513 990 520 A

184 538 242 586 Non
256 537 292 586 ira
306 536 357 586 sum
373 537 484 601 positus,
499 553 545 587 nec
561 537 615 587 sunt
630 553 658 586 ea
674 548 784 603 tempora
798 538 887 596 nobis,

221 609 340 660 Adventu
356 609 445 674 possim
460 611 530 661 laetus
544 622 571 659 ιιι
587 609 635 660 elie
650 621 705 660 tuo.
906 624 940 659 20

186 681 287 732 Funeris
303 698 345 730 ara
359 681 438 740 mihi,
457 683 525 732 ferali
540 683 615 731 cinlla
632 682 760 748 cupresso,

223 754 372 810 Convenit,
390 755 416 805 δι
432 745 522 805 lirulli's
538 755 630 804 flamma
645 768 728 820 parata
745 755 824 824 rogis«

187 828 241 878 Nec
257 827 318 877 dare
332 840 387 877 tura
402 827 482 886 libet,
500 828 561 877 nihil
577 827 703 878 exorantia
715 827 814 880 Divos:

222 901 253 951 ln
268 900 343 950 tantis
360 900 462 950 subeunt
477 918 524 950 nec
541 903 605 950 bone
620 902 695 950 verba
710 901 787 950 malis.

188 972 213 1023 Si
228 985 311 1022 tannen
326 971 360 1023 est
373 973 463 1039 aliqud
474 974 545 1023 nobis
558 974 603 1022 hac
620 975 675 1023 luce
686 971 840 1040 petendum,
907 987 940 1034 25

223 1046 252 1094 ln
269 1047 325 1095 loca
341 1061 372 1094 ne
387 1045 473 1096 redeas
486 1047 587 1112 amplius
602 1045 660 1104 illa',
677 1063 765 1111 precor
779 1063 787 1098 r

188 1118 255 1168 Dum
267 1133 327 1176 me,
348 1129 464 1168 terrarum
478 1137 532 1186 pars
547 1136 616 1184 paene
632 1120 781 1176 novissime,
799 1118 911 1177 Pontus,

147 1249 154 1263 ι
224 1189 313 1241 Euxini
329 1189 388 1240 falso
402 1192 501 1242 nomine
517 1192 612 1252 dinus,
628 1193 711 1242 habet.

249 1277 894 1352 (ἓτερᾚβι--ε-Ξ-τθ

363 1396 615 1461 ELEGIA
662 1395 788 1459 xlv.

195 1491 351 1610 Coeno
361 1569 381 1607 ι
395 1556 421 1606 &
435 1555 531 1608 antiiles
546 1555 673 1607 doliorum
687 1551 765 1604 lanne
781 1552 906 1614 vitorurn,

226 1628 278 1693 Qui
292 1630 351 1680 lacis
366 1630 466 1698 ingenio
482 1629 576 1695 semper
589 1629 668 1679 amice
684 1643 762 1685 rne03

192 1701 304 1768 Ecquid,
319 1716 347 1754 ut
360 1703 508 1754 incolumem
523 1703 643 1770 quondam
659 1702 784 1752 celebrare
800 1700 910 1758 solebas,

226 1776 299 1826 Nune
313 1792 428 1844 quoqne,
445 1789 476 1826 ne
492 1776 577 1826 videar
591 1787 659 1826 totus
675 1773 752 1826 abesse
764 1805 772 1834 ‚
790 1771 884 1826 caves?

192 1847 313 1916 Colligit,
332 1849 461 1916 exceptis,
480 1850 567 1918 ecquid
581 1866 634 1900 rnen
653 1849 774 1907 carmina,
793 1847 848 1897 solis
909 1859 924 1908 5

226 1921 345 1980 Artibus,
365 1921 452 1972 artifici
465 1939 518 1988 quae
531 1938 639 1972 nocuere
655 1922 698 1972 suo
711 1920 721 1970 i

191 1993 267 2045 lnnno
282 1994 317 2044 ita
330 1995 368 2044 lac
381 2026 389 2051 ,
404 2008 507 2050 return,
525 1995 624 2059 quaelo,
642 1993 744 2042 lludiose
760 2007 898 2042 novorum:

226 2065 336 2132 Quique
352 2077 442 2129 potes,
459 2064 537 2115 retine
554 2079 643 2129 corpus
657 2064 682 2113 in
695 2065 763 2114 Urbe
778 2080 867 2115 merim.

192 2139 229 2188 m
243 2140 303 2206 fuga
318 2137 380 2186 dina
393 2137 470 2194 miri,
486 2153 536 2188 non
551 2137 584 2186 eli
599 2137 655 2202 fuga
672 2135 732 2186 dina
747 2135 854 2195 libellis,

228 2213 280 2278 Qui
295 2209 387 2261 domini
400 2225 495 2276 poenam
510 2225 561 2260 non
575 2225 687 2260 meruere
704 2209 746 2258 sni.
913 2225 944 2259 ιο

194 2285 263 2350 Saepe
277 2299 324 2350 per
339 2295 459 2334 extremas
475 2283 593 2350 profugus
608 2293 678 2348 pater·
695 2281 786 2332 exsulat
802 2293 877 2341 oras3'

229 2359 298 2408 Urbe
311 2370 396 2407 nmen
409 2358 473 2407 natis
489 2357 574 2408 exsulis
591 2356 637 2406 elle
651 2355 727 2407 licet.-

194 2429 294 2481 Pulladis
310 2431 444 2497 exemplo,
463 2429 493 2479 de
507 2447 546 2480 me
560 2429 613 2480 sine
629 2441 705 2480 matre
722 2440 800 2480 creata

231 2503 341 2552 Carmina
351 2505 404 2553 sunt
418 2521 425 2554 z
440 2503 507 2568 stirps
523 2503 573 2553 haec
589 2502 766 2570 progeniesque
782 2519 835 2552 rnen
848 2501 890 2554 en.

195 2574 263 2625 Hanc
273 2576 315 2626 tibi
326 2578 469 2627 commendo
481 2591 488 2625 ι
500 2593 552 2641 quae
562 2593 610 2641 quo
620 2578 694 2643 magis
704 2578 763 2626 orba
773 2587 889 2642 parente,
905 2588 922 2620 .1
930 2587 942 2635 5

230 2647 287 2698 Hoc
301 2649 345 2699 tihi
362 2651 438 2701 tutori
453 2647 542 2700 sarcina
558 2649 635 2715 major
654 2649 709 2698 erit.

195 2719 257 2770 Tres
272 2722 330 2771 mihi
346 2721 399 2773 lunt
414 2723 465 2774 nati
481 2721 592 2788 contagia
606 2721 683 2772 nostra
696 2719 790 2771 secuti:

231 2793 321 2844 Cetera
337 2795 374 2844 fac
390 2813 454 2846 curae
469 2793 503 2846 sit
517 2793 562 2843 tibi
577 2795 646 2844 turha
661 2795 748 2860 palam.

194 2866 256 2916 Sunt
270 2883 368 2934 quoque
377 2880 474 2918 mntttae
490 2880 529 2917 ter
539 2867 643 2934 quinque
658 2864 780 2916 volumina
797 2863 902 2921 formae,

232 2937 344 2990 Carmina
361 2941 391 2990 de
406 2940 495 2992 donnini
509 2939 595 2989 funere
611 2950 680 3004 rapsa
694 2936 738 2987 sui.
909 2947 945 2984 20

193 3012 257 3062 Illud
272 3029 333 3078 opus
350 3013 449 3078 potuit,
468 3014 489 3063 si
505 3027 555 3062 non
571 3009 636 3078 priris
652 3008 702 3076 ipse
719 3005 845 3074 perissem,

229 3084 328 3138 Cetrius
343 3103 358 3135 a
373 3085 461 3137 summe
475 3101 564 3136 nomen
580 3086 670 3135 habere
685 3098 765 3134 rnrnu.
793 3131 854 3201 K¹‘''

832 3168 856 3218 ιι]
