2367 3942
221 410 367 480 Error.
393 426 452 478 rx
474 410 618 481 Poura
644 409 685 480 L.
710 410 779 482 ΙΙΙ.
808 430 878 505 331

155 530 218 583 Res
235 546 334 597 quoque
350 540 417 579 tanta
433 528 496 587 fuit,
517 542 614 595 quantae
630 530 754 583 subsistere
770 532 860 584 summo

204 602 327 654 AEneidos
343 604 394 653 vati
409 603 497 668 grande
511 601 590 652 fuiffet
605 620 676 655 onus.

160 678 246 729 Ferre
263 677 335 726 etiam
349 675 435 725 molles
451 676 515 743 elegi
530 688 581 728 tam
592 674 656 728 vatia
669 676 784 745 triumphi
894 677 926 741 85

207 750 321 799 Pondera
337 748 466 815 disparibus
482 766 532 799 non
547 761 652 817 potuere
666 751 738 801 rotis.

163 823 230 889 Quo
245 822 310 889 pede
327 838 391 871 nunc
405 834 474 883 utar,
492 822 563 871 dubia
578 822 612 873 est
622 822 744 874 sententia
757 824 838 876 nohis,

207 897 281 947 Alter
297 895 359 945 enim
377 896 407 944 de
421 907 467 953 te,
485 896 591 954 Rhene,
606 896 741 963 triumphus
752 898 826 949 adest.

163 971 242 1021 irrita
259 984 373 1019 verorum
387 984 437 1017 non
453 968 507 1019 sunt
523 968 637 1037 praesagia
650 983 756 1022 vatumt

207 1042 298 1093 Danda
311 1042 368 1093 Jovi
382 1042 482 1102 lauris,
500 1043 556 1092 dum
570 1043 638 1109 prior
654 1044 694 1093 ilia
711 1045 784 1095 viret.
894 1057 930 1107 90

165 1118 227 1169 Nec
238 1132 292 1165 mea
301 1117 375 1165 verba
386 1116 466 1183 legis,
482 1116 522 1183 qui
533 1116 582 1165 sum
594 1117 716 1169 subrutus
725 1119 758 1167 ad
768 1118 852 1169 istrum
863 1148 874 1176 ,

208 1191 269 1239 Non
283 1190 345 1239 bene
358 1189 450 1255 pacatis
465 1189 563 1239 ssundna
577 1202 637 1257 pota
654 1190 747 1243 Getis:

119 1256 128 1267 “
167 1263 216 1315 lua
232 1263 283 1325 Dei
297 1278 347 1312 vox
363 1260 397 1311 est
409 1278 417 1313 r
429 1263 501 1313 Deus
515 1262 550 1312 est
566 1263 590 1311 in
604 1263 704 1328 pediore
719 1263 821 1315 unstrot

208 1335 273 1386 Haec
286 1335 348 1385 duce
366 1336 473 1401 praedico
487 1336 655 1402 vaticinorque
671 1337 740 1388 ko.
790 1373 794 1380 .

170 1408 242 1475 Quid
259 1409 331 1459 cessat
345 1424 441 1459 currum
455 1422 616 1475 pompamque
630 1426 716 1476 parare
729 1408 875 1475 triumphis,
896 1423 928 1471 95

209 1482 278 1533 Livia
291 1480 302 1530 .>
316 1480 365 1547 jam
382 1483 460 1543 nullas
475 1480 534 1530 dant
546 1482 591 1531 tihi
608 1482 673 1531 helia
686 1498 777 1533 motas.

169 1548 270 1607 Perfida
286 1554 409 1605 damnatas
426 1552 558 1603 Germania
574 1552 676 1619 projicit
690 1554 786 1605 hastast

209 1628 264 1683 Jam
280 1627 376 1694 pondus
393 1628 458 1676 dices
475 1642 547 1675 omen
562 1626 653 1677 habere
667 1644 757 1679 meunt.

171 1702 257 1755 Crede
272 1733 281 1758 ,
297 1700 414 1765 brevique
430 1697 491 1756 fides
506 1699 605 1758 admira
623 1702 755 1768 gemimhit
769 1701 888 1750 honorem

210 1775 306 1831 Filius,
327 1773 353 1824 dc
363 1772 474 1837 iendis,
492 1784 520 1823 ut
535 1771 601 1839 priris
614 1806 622 1832 ,
636 1774 682 1824 ibit
697 1775 777 1841 equis.
900 1787 950 1821 100

171 1848 283 1906 Prome,
302 1847 367 1914 quod
380 1846 473 1911 injicias
488 1848 594 1897 humeris
610 1848 760 1907 vittarum,
776 1847 877 1899 ostrum.

211 1921 265 1988 ipsa
280 1920 358 1987 potest
373 1921 550 1970 solitumtnoue
568 1937 661 1971 corona
676 1934 757 1987 capnt.

174 1995 271 2053 Scuta,
286 1994 326 2043 sed
346 1994 373 2043 δι
387 1994 462 2059 gaieae
478 1992 577 2059 gemmis
593 1993 716 2041 radientur
735 1995 762 2043 dt
779 2010 860 2051 auro,

211 2069 332 2133 Stentque
349 2064 420 2129 super
436 2064 529 2113 vindos
544 2076 632 2113 trunca
649 2076 743 2130 tropaea
760 2067 836 2115 viror.

172 2140 275 2210 'Oppida
291 2137 384 2189 turritis
402 2134 530 2205 cingantur
544 2138 652 2187 eburnea
670 2139 765 2196 mtuis,
901 2151 932 2187 ιο
937 2152 948 2199 5

213 2215 329 2279 Fidiaque
344 2227 384 2261 res
399 2226 459 2260 vero
475 2227 543 2262 more
560 2222 661 2275 putenu
675 2212 724 2279 agi.

176 2286 307 2356 Squalidus
321 2282 432 2335 immissor
448 2282 522 2334 fratta
538 2284 580 2333 sub
594 2284 712 2335 arundine
728 2284 808 2334 crines

215 2361 337 2417 Rhenus,
357 2357 383 2408 dt
396 2356 493 2408 infectas
510 2356 624 2425 sanguine
643 2370 726 2423 portet
743 2374 826 2423 aput.

163 2432 282 2487 'Barbara
296 2430 345 2497 jam
361 2432 425 2497 capti
442 2430 544 2496 poscunt
559 2430 661 2498 insignia
677 2431 778 2500 Reges,

215 2508 344 2573 Textaque
360 2503 458 2556 fortuni
473 2502 584 2556 divitiora
602 2504 652 2555 sui.
903 2518 953 2555 110

178 2580 213 2632 Et
229 2596 280 2645 quae
296 2590 415 2646 praeterea
431 2578 509 2628 virtus
523 2578 610 2627 invidia
626 2589 725 2627 tuorum

218 2652 286 2716 Saepe
302 2666 382 2717 parata
399 2650 461 2710 tibi,
480 2651 542 2717 saepe
557 2651 662 2716 paranda
677 2652 743 2701 facit.

181 2724 217 2779 Di
235 2732 335 2790 quoium
349 2722 442 2775 monitu
460 2725 538 2775 sumus
555 2736 672 2775 eventura
688 2724 783 2782 locuti,

220 2797 323 2859 Verba,
340 2814 447 2867 precor,
464 2798 541 2851 celeri
550 2798 636 2849 'nostra
650 2799 753 2865 probate
768 2796 827 2848 tide.
