2367 3942
310 468 384 541 144
431 449 473 517 P.
499 448 692 518 Omra
717 450 946 522 Nasonis
1002 428 1005 439 Δ

306 567 387 632 Quem
399 578 446 626 tu,
461 568 527 618 Diva
538 584 630 619 memor
642 600 649 627 ,
668 569 698 620 de
711 584 773 633 pane
784 568 912 621 monilibus
924 552 999 624 ornas
1016 589 1023 625 ε

342 639 422 690 Cessat
437 657 499 705 opus
513 656 524 690 .·
539 658 626 691 vacuae
642 641 782 690 conticuere
797 642 878 692 molae.

305 714 429 771 Nomine,
447 720 516 780 quim
529 714 610 779 pretio
626 715 789 771 celebratior,
808 730 864 765 arce
875 716 1017 777 Tonantis,
1096 764 1097 767 ,

246 802 296 851 350
344 786 431 836 Dicam
448 785 543 837 Pistoris
560 786 616 853 quid
633 787 693 837 velit
708 802 749 835 ata
762 786 841 839 lovis·

304 858 388 909 Cinsla
401 861 573 925 premebantur
587 860 695 909 trucibus
711 858 832 924 Capitolia
849 858 949 915 Gallis:

340 932 443 982 Fecerat
459 934 554 983 obsidio
569 931 617 998 jam
633 932 744 981 diuturna
759 932 857 983 samem.

304 1004 433 1071 luppiter,
451 1006 481 1054 ad
498 1005 582 1055 solium
592 1004 691 1069 Superis
708 1006 790 1071 regaie
806 1008 922 1067 vocans,

339 1078 441 1144 lncipe,
458 1079 491 1127 ait
505 1078 591 1128 Marti.
607 1072 721 1128 Protinus
740 1078 781 1127 ille
796 1078 892 1138 resert;

242 1164 253 1215 3
261 1166 291 1213 55
304 1149 404 1200 Scilicet
417 1152 528 1218 ignotum
544 1150 578 1200 esi
585 1184 596 1209 ,
617 1166 670 1216 quae
685 1149 718 1199 sit
733 1150 829 1201 so'rtuna
844 1151 974 1203 meorum?

338 1223 371 1272 Et
386 1224 457 1274 dolor
473 1224 512 1272 hic
527 1223 599 1275 animi
612 1239 676 1273 voce
693 1224 815 1289 querentis
832 1224 913 1291 eget?

301 1296 328 1345 Si
341 1307 442 1354 tamen,
458 1308 485 1345 ut
496 1296 600 1347 reseram
614 1296 721 1345 breviter
736 1297 797 1345 mala
811 1295 890 1361 junsia
905 1299 1010 1364 pudori,

337 1368 420 1436 Exigis
435 1386 442 1419 a
457 1368 548 1433 Alpino·
560 1368 639 1420 Roma
657 1369 698 1418 sub
714 1368 781 1418 hoste
796 1365 871 1433 jacet.

300 1440 361 1491 Haec
375 1443 428 1501 esi,
450 1442 489 1491 cui
505 1443 584 1491 fuerat
597 1440 707 1507 promissa
722 1441 830 1508 potantia
846 1441 951 1492 retum?

239 1520 288 1577 360
336 1512 466 1581 Juppiter',
485 1516 547 1565 hanc
563 1514 634 1565 tetris
652 1514 806 1583 impositurus
823 1514 898 1565 erasi

295 1585 398 1653 Jamque
412 1589 584 1646 Suburbanus,
597 1586 763 1653 Hetruscaque
778 1588 889 1637 contudit
902 1604 987 1640 arma:

333 1661 394 1725 Spes
407 1673 459 1709 erat
473 1660 583 1718 incursu
597 1676 605 1711 a
621 1676 684 1709 nunc
701 1660 762 1710 Lare
776 1660 842 1727 pu¹sa
859 1660 900 1712 suo
916 1661 960 1713 eli.

296 1732 407 1783 Vidimus
423 1745 540 1791 ornatos,
559 1745 634 1783 aetata
649 1750 693 1799 pet
709 1734 789 1791 atria,
805 1731 868 1797 pisti

331 1804 423 1863 Velie,
439 1805 595 1871 triumphales
611 1804 745 1856 occubuisse
762 1806 839 1857 senes.

235 1875 285 1941 365
297 1876 409 1929 Vidimus
426 1878 505 1926 lliacae
519 1879 644 1929 transferri
661 1880 760 1945 pignora
776 1877 858 1929 Veste

269 1984 271 1989 f
332 1950 395 2001 Sede
412 1962 520 2017 :putant
536 1950 630 2018 aliquos¹
647 1952 736 2003 scilicet
753 1949 800 1999 else
816 1948 911 2000 Deos?

295 2020 330 2071 At
346 2025 367 2071 si
382 2023 547 2091 respicerent,
567 2025 671 2092 quivos
686 2023 797 2073 habitatis
813 2024 838 2073 in
852 2022 929 2084 arce',
978 2052 986 2059 -

331 2095 430 2162 Totque
446 2099 531 2147 domos
547 2098 636 2150 veslras
653 2098 784 2149 obsidione
794 2097 893 2161 premi;
938 2112 942 2123 ·

294 2168 336 2217 Nil
352 2171 405 2235 opis
422 2171 446 2219 in
464 2188 519 2221 cura
535 2171 623 2223 scirent
639 2169 756 2236 superesse
770 2170 901 2225 Deorum,

234 2254 286 2304 370
333 2242 365 2289 Et
381 2243 436 2291 data
453 2242 546 2307 soliciti
561 2257 615 2294 tuta
629 2244 708 2307 perire
723 2258 803 2292 manu.

294 2313 375 2380 Atque
385 2315 475 2364 retinam
488 2332 575 2383 pugnae
585 2326 668 2382 pateat
684 2316 751 2363 locus
766 2312 771 2361 !
786 2330 850 2363 arma
862 2311 983 2379 capessant
995 2330 1009 2374 a

329 2384 379 2445 Et,
397 2388 418 2437 si
430 2404 480 2437 non
493 2400 609 2454 potentur
626 2389 788 2453 exsuperare,
809 2386 904 2435 cadant.

292 2459 364 2508 Nunc
378 2459 465 2523 inopes
481 2461 575 2518 vislils,
591 2462 725 2527 ignavaque
739 2459 788 2509 fata
804 2458 937 2517 timentes,
951 2494 954 2499 -

328 2532 416 2582 Monte
432 2532 475 2581 suo
492 2533 585 2583 clausos
602 2533 700 2587 barbara
717 2532 787 2582 turba
799 2532 899 2596 premit,
921 2536 923 2541 '

230 2616 281 2669 375
293 2603 357 2655 Tum
368 2605 470 2663 Venus,
483 2607 579 2656 &lituo
590 2606 691 2671 pulcher
702 2604 831 2671 trabeisque
843 2602 961 2666 Quirinus
972 2636 981 2664 ,

328 2677 448 2744 Veslaque
465 2696 510 2743 pro
526 2679 595 2729 Latio
612 2681 685 2729 multa
702 2680 787 2729 locuta
802 2676 853 2726 suo.

289 2748 387 2799 Publica
399 2784 408 2809 2
423 2750 563 2816 respondit,
583 2768 639 2802 cura
656 2751 689 2800 eli
703 2766 748 2816 pto
762 2750 880 2801 moenibus
893 2748 963 2805 iliis,

326 2821 436 2887 luppiter
451 2838 458 2872 a
474 2824 499 2873 ὃ(
514 2822 697 2887 poenasGallia
713 2821 774 2871 vissa
790 2822 864 2871 dabit.

233 2907 236 2911 ·
288 2894 330 2943 Tu
340 2893 430 2954 modi,
447 2912 499 2961 quae
509 2894 595 2943 desunt
605 2896 685 2960 fruges
697 2926 704 2951 ‚
716 2892 832 2959 superesse
843 2904 979 2959 putentur,

229 2966 281 3031 380
329 2966 404 3016 Effice
418 2983 425 3017 t
438 2984 482 3017 nec
500 2966 567 3015 sedes
581 2966 684 3025 desere,
703 2965 795 3025 Vella,
811 2978 874 3017 tuns.

243 3039 422 3107 Quodcumque
431 3040 466 3088 est
476 3038 575 3089 Cereris
586 3038 667 3089 solidae
678 3071 685 3096 ,
699 3055 757 3089 cava
767 3040 875 3089 machina
885 3038 998 3103 frangnt3

322 3111 492 3178 Mollitamque
503 3128 576 3164 mauu
591 3111 703 3168 duretiu
718 3112 774 3187 igne
787 3112 868 3165 locus.

787 3218 789 3221 -
875 3180 977 3236 iusserat
990 3167 1024 3233 :³
1083 3176 1097 3237 ⁸,
