2367 3942
237 423 523 492 ansrrvrt
549 423 653 492 Ltn.
678 428 746 498 IV.
796 445 871 521 237

170 557 897 631 «ΞΕ--έὲῧὲξ--θ

326 675 580 740 ELEGIA
621 676 764 740 VIII.
889 693 895 700 “

164 775 248 900 Jnnt
263 851 319 886 ntea
333 835 439 903 cygnias
454 835 579 893 imitantur
590 848 700 901 tempora
715 837 827 902 plumas:

199 909 282 960 inficit
301 908 327 960 δι
340 910 421 976 nigras
435 909 489 959 alba
505 908 599 958 senesia
613 923 713 958 tomas:

165 981 217 1035 Jarn
229 983 333 1033 subeunt
350 982 407 1032 anni
420 981 535 1050 fragiles,
555 982 582 1033 ὃ(
595 982 696 1032 inertior
708 994 784 1033 aetas:

199 1055 302 1122 Jamque
316 1071 399 1122 parurn
415 1053 484 1106 firmo
499 1071 538 1104 me
553 1054 612 1104 mihi
628 1055 691 1104 serre
707 1071 780 1121 grave
795 1054 837 1106 est.

166 1130 238 1179 Nunc
253 1139 325 1186 erat,
345 1139 373 1176 ut
386 1128 468 1193 posito
482 1128 595 1177 deberem
610 1125 658 1177 fine
674 1127 783 1178 laborum
885 1143 898 1192 5

200 1201 318 1258 Vivere,
331 1216 369 1250 me
383 1201 451 1250 nulio
466 1199 602 1250 solicitante
616 1211 683 1250 metu
696 1215 703 1250 :

168 1273 279 1340 Quaeque
292 1289 354 1324 rneae
368 1272 462 1338 semper
475 1275 619 1338 placuerunt
634 1273 685 1323 otia
698 1272 793 1331 menti,

204 1345 333 1412 Carpere,
352 1345 379 1396 δι
396 1345 421 1396 in
435 1345 515 1396 studiis
532 1346 639 1396 nolliter
653 1344 699 1394 eise
715 1346 793 1396 meist

169 1419 200 1468 Et
212 1435 310 1484 parram
326 1419 452 1468 celebrare
466 1418 583 1476 domum,
599 1429 745 1482 ueteresque
761 1407 884 1477 Penites;

204 1492 236 1542 Et
252 1509 307 1558 quae
320 1508 384 1548 nunc
401 1491 499 1542 domino
514 1509 570 1542 rura
584 1503 685 1556 paterna
699 1503 802 1540 carent:
890 1504 921 1540 ιο

169 1565 245 1630 Inque
258 1565 312 1615 sinu
328 1564 451 1624 domina,
469 1564 578 1630 carisque
592 1563 738 1629 nepotibus,
759 1563 832 1628 inque

205 1639 311 1688 Securus
327 1637 403 1703 patrii
419 1635 565 1688 consenuisse
579 1635 643 1686 meai.

170 1710 228 1760 Haec
240 1727 295 1761 ntea
308 1710 344 1760 sic
360 1710 481 1778 quondam
496 1709 580 1776 peragi
595 1707 732 1774 speraverat
746 1719 823 1760 aetas:

102 1782 107 1791 ’
206 1783 261 1833 Hos
278 1799 325 1850 ego
339 1782 375 1833 sie
390 1798 467 1833 annot
482 1797 575 1848 ponere
590 1781 676 1850 dignun
692 1797 767 1831 eram.

171 1857 227 1905 Non
240 1857 275 1907 ita
291 1854 339 1906 Dis
353 1855 447 1914 visunt,
466 1855 506 1922 qui
520 1873 559 1906 me
575 1854 687 1920 tetrique
702 1854 808 1920 marique
892 1865 921 1913 15

207 1929 293 1978 Asiurn
310 1929 446 1979 Sarmaticis
460 1929 594 1993 exposuere
610 1928 680 1977 locis.
699 1963 703 1970 .

171 2003 198 2050 ln
215 2018 275 2051 cava
292 2001 412 2051 ducuntur
428 1998 512 2064 quaffae
527 1998 620 2046 navalia
634 2014 726 2064 puppes
739 2031 746 2052 ,

206 2077 245 2126 Ne
261 2071 357 2124 temere
370 2070 395 2119 in
409 2070 491 2118 mediis
508 2069 662 2118 dissoluantur
676 2070 753 2133 aquis.

173 2149 210 2197 Ne
224 2146 314 2202 cadat,
333 2143 359 2192 dt
371 2144 456 2193 multas
471 2144 560 2208 palmas
575 2140 709 2191 inhonestet
724 2141 843 2204 adeptas,

208 2217 348 2287 Languidus
363 2216 388 2266 in
402 2216 477 2281 pratis
494 2215 618 2283 gramina,
636 2213 712 2278 carpit
727 2229 811 2279 equus.
890 2225 925 2261 20
956 2223 961 2232 ·

174 2292 247 2342 Miles
257 2302 310 2350 ,ut
325 2289 433 2340 emeritis
449 2305 498 2338 non
515 2287 547 2338 est
563 2287 617 2338 satis
633 2287 698 2336 utilis
713 2287 800 2344 annis,

208 2364 282 2414 Ponit
297 2362 329 2412 ad
342 2362 472 2429 antiquos,
488 2378 541 2428 quae
557 2360 612 2410 tulit
625 2376 710 2418 arma,
728 2358 811 2408 Lares.

176 2437 215 2487 Sic
231 2437 324 2504 igitur,
340 2435 409 2486 rarat
421 2435 486 2486 vires
500 2433 622 2484 minuente
636 2431 748 2490 senetid,

210 2510 255 2559 Me
270 2525 367 2575 quoque
382 2508 466 2560 donari
480 2506 528 2573 jam
539 2507 619 2565 rude,
633 2518 727 2571 tempus
743 2516 804 2556 erat.

176 2582 285 2646 Tempus
295 2593 348 2632 erat
359 2612 367 2640 ,
386 2598 432 2631 nec
444 2597 482 2632 me
492 2580 644 2647 peregrinum
654 2580 744 2630 ducere
755 2579 842 2628 coelutn
853 2609 861 2636 ,
891 2589 924 2636 25

212 2655 268 2705 Nec
282 2654 371 2704 siccant
386 2651 479 2706 Getico
494 2653 562 2703 sonte
577 2654 660 2703 levare
676 2652 758 2702 sitim:

178 2728 226 2776 Sed
236 2724 326 2784 ruodd,
338 2743 399 2792 quot
408 2726 497 2781 habui,
511 2742 612 2775 vacuum
623 2724 736 2774 secedere
747 2724 770 2774 in
780 2725 883 2774 hortos:

214 2800 286 2849 Nunc
302 2799 425 2849 bominum
437 2799 489 2848 visu
506 2798 585 2848 rursus
602 2797 627 2848 δι
643 2799 711 2849 Urbe
727 2797 783 2846 frui.

179 2873 237 2930 Sit,
252 2871 331 2922 aniano
346 2871 468 2939 quondam
478 2871 528 2920 no'n
541 2871 662 2920 divinante
679 2871 776 2925 sutura,

216 2944 338 3009 Optabam
353 2943 447 3010 placide
464 2943 547 2994 rivere
564 2942 631 3008 posse
649 2941 731 2990 senex.
788 2957 791 2964 ·
897 2947 931 2997 30

181 3019 238 3068 Fata
251 3029 432 3084 repugnarunt,
448 3033 521 3084 quae,
538 3013 592 3064 ciam
608 3012 665 3063 mibi
680 3024 790 3077 tempora
803 3005 878 3077 prima

215 3089 303 3142 Mollia
318 3089 483 3157 prebuerint,
505 3087 638 3155 posteriora
655 3095 764 3154 gravant.
