2367 3942
264 460 722 529 Fusionnntrn.
751 462 793 533 V.
832 484 907 556 127

189 580 242 630 Sed
255 592 338 629 tamen
353 578 470 629 bactrio
481 578 536 628 sunt
549 578 591 629 sub
606 580 695 631 eodem
710 592 822 649 tempore
838 583 896 635 sella

231 654 297 703 Inter
314 650 338 702 se
355 653 423 703 nullo
438 653 579 703 continuata
595 654 643 703 die.

191 727 310 789 Quorum
325 725 347 775 si
363 725 448 775 mediis
463 726 569 777 Boeoton
584 726 680 777 Oriona
696 744 811 793 qtraeres·

231 798 311 849 Falsus
328 798 398 849 eris.
409 799 490 884 signi
485 799 553 850 causa
569 800 678 849 canenda
691 801 758 851 mihi.

190 872 324 937 luppiter,
343 872 371 922 ἃ
384 873 437 921 lato
450 852 492 939 qui
506 885 592 940 regnat
608 873 634 921 in
649 890 747 941 aequore
762 872 858 936 irater,
911 888 965 941 495

231 944 371 1011 Carpebant
384 944 480 1004 socias,
497 946 705 1013 Mercuriusque,
722 948 783 997 vias.

193 1018 303 1083 Tempus
317 1030 391 1077 erat,
407 1034 457 1085 quo
470 1018 559 1069 versr'
551 1034 612 1087 jugo
629 1018 769 1071 reseruntur
785 1033 881 1080 aratra;

231 1091 264 1140 Et
278 1106 381 1157 pronum
395 1091 481 1141 santra
496 1093 535 1142 lac
551 1093 612 1143 bibit
628 1107 703 1160 agnus
718 1096 781 1144 ovis

194 1153 271 1214 folio
286 1163 363 1213 senex
377 1164 502 1249 Hyripus,
521 1165 613 1232 angusti
627 1168 707 1217 cultor
723 1167 815 1235 agelli,

231 1237 286 1289 Hos
302 1236 390 1295 ridet,
405 1238 517 1305 exiguam
531 1238 606 1289 subn
619 1251 648 1290 ut
665 1252 722 1290 ante
736 1240 823 1291 casam
918 1256 967 1303 500

194 1310 296 1375 Atque'
287 1322 321 1359 ita
326 1310 465 1377 ,Longa'
440 1328 480 1361 vra
490 1310 538 1370 est,
549 1327 596 1363 nec
606 1324 716 1379 tempora
726 1315 798 1381 longa
810 1312 932 1381 supersunt
941 1348 949 1373 ,

230 1383 323 1441 Dixit3
342 1384 368 1435 δι
385 1383 515 1449 hospitibus
528 1385 601 1451 janua
614 1386 691 1437 nollra
708 1398 786 1453 patet.

194 1454 340 1507 Addidit&
354 1458 449 1507 vultum
462 1457 562 1517 verbis,
577 1460 713 1527 iterumque
728 1458 834 1525 rogavit.

231 1528 321 1579 Parent
335 1529 478 1594 promissis,
495 1530 692 1597 dissimulantque
709 1532 790 1580 Deos.

193 1600 271 1651 Teila
286 1601 347 1652 senis
363 1602 487 1659 subeunt,
502 1601 573 1669 nigro
584 1602 707 1661 ,deformia
723 1604 810 1656 sumo:
899 1633 902 1639 ,
918 1618 950 1667 50
954 1620 966 1667 5

232 1675 297 1741 ignis
310 1675 336 1723 in
351 1675 466 1725 hesterno
481 1674 564 1739 stipite
574 1692 662 1742 paruus
679 1689 740 1727 erat.

193 1747 270 1813 lpse,
289 1765 354 1816 genu
369 1748 473 1814 posito,
493 1748 597 1799 flammas
613 1750 741 1809 exsuscitat
756 1750 833 1810 auri,

231 1820 263 1871 Et
275 1820 365 1887 promit
380 1820 472 1907 quassas
485 1822 672 1891 comminuitque
689 1824 764 1875 iaces.

195 1894 267 1945 siant
275 1895 386 1945 calices:
399 1896 478 1945 minor
488 1896 543 1945 inde
553 1896 621 1949 sabas
632 1928 640 1957 ,
653 1898 706 1948 olus
717 1899 779 1948 alter
789 1897 930 1956 habebant,

232 1966 262 2017 Et
278 1967 387 2033 spumant
401 1968 463 2019 testu
477 1969 567 2035 prestus
584 1982 690 2057 uterque
706 1970 757 2020 suo.
917 1984 968 2033 510

194 2040 310 2105 Dumque
319 2057 386 2092 mora
396 2041 449 2100 est,
466 2042 569 2091 tremula
579 2042 653 2092 dat
630 2059 685 2092 urna
695 2040 805 2093 rubentis
816 2024 911 2093 dextri.

232 2109 332 2177 Accipit
345 2131 472 2180 aequoreus
486 2116 575 2185 pocula
590 2116 667 2180 prima
684 2116 764 2167 Deus.

196 2185 260 2249 Quae
276 2186 347 2236 simul
360 2188 492 2247 exhausit,
511 2188 552 2237 Da
565 2199 630 2237 nune
647 2188 714 2238 bibat
731 2187 834 2247 ordine,
852 2186 929 2247 dixit,

231 2258 343 2324 luppiter
354 2275 363 2310 z
376 2261 482 2319 audito,
500 2262 585 2326 palluit
599 2262 661 2320 ille,
679 2261 751 2313 Jove.

196 2331 233 2382 Ut
247 2333 319 2383 rediit
332 2334 447 2392 animus,
465 2336 583 2385 cultorem
598 2334 710 2403 pauperis
725 2335 776 2403 agri
915 2346 964 2399 515

232 2405 362 2467 immolat,
381 2406 407 2457 δι
423 2423 510 2475 magno
526 2420 606 2470 torret
621 2410 646 2459 in
661 2409 718 2476 igne
736 2411 834 2459 bovem.

197 2476 310 2544 Quaque
322 2498 383 2546 puer
397 2482 517 2546 quondam
531 2482 612 2548 primis
626 2480 755 2533 diffuderat
771 2482 858 2540 annis,

233 2550 317 2601 Prodit
332 2554 426 2603 fumoso
443 2555 609 2619 condita-vina
625 2556 696 2606 cado.

195 2622 251 2676 Nec
266 2640 333 2675 mora
343 2645 353 2677 z
364 2627 502 2677 flumineam
517 2629 567 2677 lino
583 2630 715 2679 celantibus
730 2630 830 2687 ultam,

232 2696 272 2747 sic
288 2714 385 2767 quoque
401 2716 452 2750 non
466 2702 538 2759 altis,
555 2702 694 2751 discubuere
710 2702 780 2752 toris.
916 2711 967 2760 520

196 2770 268 2819 Nunc
283 2771 364 2837 dape,
382 2789 447 2823 nunc
461 2774 544 2840 posito
557 2775 645 2825 mensae
661 2776 755 2825 nituere
772 2774 867 2841 Lyaeos

231 2842 310 2894 Terra
324 2846 412 2896 rubens
430 2859 527 2905 crater,
546 2845 634 2913 pocula
650 2849 718 2915 sagus
734 2857 812 2896 erant.

196 2916 281 2968 Verba
296 2916 365 2967 luere
379 2918 468 2978 loun
486 2920 511 2969 Si
526 2922 584 2987 quid
601 2922 648 2971 sert
663 2922 787 2985 impetus,
804 2928 861 2984 opta
873 2930 886 2975 ει

232 2988 315 3038 Omne
329 2989 403 3041 setes.
419 2990 509 3043 Placidi
522 2995 598 3043 verba
615 2994 682 3043 suere
695 2993 761 3042 senis
774 3008 784 3049 ;

196 3058 259 3109 Cara
273 3061 321 3111 suit
338 3064 447 3130 conjux,
465 3066 547 3132 prirnae
563 3066 620 3115 mihi
636 3082 693 3116 cura
709 3064 816 3131 juvente
914 3073 947 3124 32
952 3074 963 3121 5

232 3132 340 3203 Cognita
353 3153 361 3190 a
374 3153 438 3187 nunc
453 3140 493 3189 ubi
509 3139 560 3198 sit,
577 3138 705 3205 queritis?
727 3154 786 3189 urna
802 3133 875 3257 tfeqi't.
