2367 3942
295 440 369 496 222
397 427 436 496 P.
452 393 973 509 OV10.NAS.ansr.L.IIl.

297 549 368 598 Nunc
383 545 544 596 incorretlum
560 544 645 610 populi
660 543 773 610 pervenit
790 543 814 592 in
831 559 893 594 ora:

334 620 362 669 ln
379 619 463 686 populi
479 618 606 684 quidquam
622 617 642 668 si
656 628 737 666 tamen
753 633 797 666 ore
812 609 860 666 mei
876 617 919 668 est.

252 707 284 754 25
298 691 354 743 Hoc
369 708 466 758 quoque
481 691 562 740 net'cio
577 689 634 756 quid
650 689 734 762 nostris
749 705 845 755 appone
860 690 967 750 libellis,

331 765 437 816 Diverso
452 763 541 814 milium
556 763 621 830 quod
636 763 679 812 tibi
695 765 725 812 ab
740 764 799 812 orbe
814 762 889 813 venit.

295 836 371 901 Quod
381 839 525 904 quicumque
535 839 618 905 leget,
631 835 651 886 si
662 836 714 901 quis
724 835 809 902 leget,
823 835 921 886 aestimet
932 849 1003 895 ante,

334 911 502 976 compositum
516 927 566 977 quo
580 909 611 959 sit
624 920 754 974 tempore,
770 924 867 974 quoque
883 911 950 961 loco.

191 1008 196 1017 ·
297 983 391 1050 AEquus
406 984 453 1033 erit
469 983 580 1049 scriptis,
598 979 700 1048 quorum
717 981 861 1048 cognoverit
877 982 924 1032 elle

253 1067 287 1119 30
334 1057 449 1107 Exsilium
465 1069 580 1121 tempus,
598 1055 778 1120 barbariemque
797 1055 888 1104 locum.

298 1130 374 1195 lnque
389 1141 429 1179 tot
444 1129 551 1178 adversis
568 1143 665 1176 carmen
678 1127 799 1177 mirabitur
814 1128 890 1177 ullum

334 1203 435 1252 Ducere
450 1219 489 1251 me
502 1201 561 1251 tristi
578 1199 705 1250 sustinuisse
720 1215 801 1250 manu.

297 1275 423 1343 ingenium
437 1275 534 1342 fregere
549 1290 630 1324 meum
643 1273 727 1324 mala:
743 1270 812 1338 cujus
828 1271 855 1323 δι
869 1283 926 1323 ante

334 1349 398 1399 Fons
413 1348 576 1405 infecundus,
591 1361 714 1412 parvaque
730 1361 792 1395 vena
806 1345 862 1397 fuit.

255 1431 286 1482 35
300 1420 349 1471 Sed
364 1437 521 1488 quacumque
534 1420 598 1478 fuit,
614 1419 681 1468 nullo
695 1429 846 1478 exercente,
864 1418 969 1486 refugit,

334 1494 367 1545 Et
382 1496 458 1562 longo
473 1494 548 1560 periit
564 1492 629 1543 arida
644 1491 705 1542 fafta
720 1492 776 1541 situ.

298 1567 356 1618 Non
372 1568 412 1619 hic
427 1568 562 1625 libroruin,
582 1581 627 1632 per
642 1580 702 1631 quos
717 1565 806 1614 inviter
820 1563 939 1629 alatque,

337 1639 437 1706 Copia:
453 1657 500 1706 pro
516 1639 581 1690 libris
596 1654 666 1688 arcus
683 1637 709 1687 δι
725 1653 789 1686 arma
806 1635 900 1686 sonant.

297 1710 386 1762 Nullus
403 1712 428 1763 in
443 1714 488 1761 hac
503 1712 587 1769 cetri,
606 1710 707 1760 recitem
723 1711 744 1760 si
759 1709 883 1768 carmina,
901 1707 969 1776 cujus

255 1799 290 1843 40
338 1784 499 1834 intellecturis
514 1785 610 1834 auribus
625 1795 699 1841 utar,
715 1782 788 1832 adest.

300 1857 375 1914 Nec,
392 1855 440 1922 qud
455 1855 584 1914 secedam,
602 1857 671 1904 locus
684 1853 718 1904 est
732 1871 740 1905 t
756 1853 861 1906 custodia
876 1857 936 1906 muri

247 1975 251 1979 .
335 1928 467 1993 submovet
481 1927 599 1986 infestos,
617 1926 743 1994 clausaque
760 1939 851 1994 porta,
870 1929 967 1980 Geras:

275 1998 286 2063 (
292 2001 362 2068 Saepe
372 2003 470 2070 aliquod
478 2004 581 2053 verbum
591 2018 673 2068 quaero
681 2033 689 2059 ,
698 2017 850 2068 nomenque,
861 2002 987 2070 locumque
996 2020 1003 2052 :

335 2076 389 2126 Nec
400 2077 524 2143 quisquam
535 2075 569 2125 est
580 2109 588 2135 ,
606 2093 620 2127 a
631 2090 679 2141 qno
690 2074 779 2124 certior
790 2073 837 2124 else
849 2079 963 2152 queam.)

255 2161 287 2206 45
301 2147 392 2200 Dicere
407 2150 468 2216 sepe
482 2149 572 2216 aliquid
588 2149 704 2204 conanti,
721 2160 792 2214 turpe
809 2148 899 2208 fateri,
969 2164 976 2180 ·

334 2224 418 2281 Verba
431 2223 489 2272 mihi
505 2222 611 2278 desunt3
631 2220 782 2286 dedidicique
800 2222 876 2286 loqui.

299 2294 418 2345 Threicio
432 2295 598 2362 Scythicoque
615 2291 667 2342 fer'c
683 2292 846 2344 circumsonor
861 2311 925 2346 ore:

337 2366 369 2416 Et
382 2367 469 2433 videor
485 2365 583 2417 Geticis
602 2365 705 2416 scribere
719 2365 783 2432 posse
801 2368 889 2418 modis.

299 2439 379 2490 Crede
393 2440 450 2488 mihi
461 2455 469 2490 r
481 2441 557 2489 timeo
572 2455 604 2488 ne
621 2439 669 2487 sint
683 2437 789 2489 immixta
805 2439 914 2500 Latinis,

191 2572 193 2574 v
257 2525 288 2570 50
336 2512 411 2578 inque
426 2511 486 2561 meis
501 2511 594 2575 scriptis
609 2508 710 2560 Pontica
726 2513 800 2563 verba
816 2514 893 2582 legas.

298 2583 506 2650 Qualemcumque
522 2583 596 2651 igitur
612 2582 682 2633 venii
697 2583 794 2653 dignare
809 2587 935 2640 libellum:

335 2657 411 2710 Sortis
428 2658 453 2709 δι
468 2657 554 2709 excusa
568 2657 712 2709 conditione
728 2675 798 2712 meae.

578 2841 677 3070 Θ
