2367 3942
434 404 607 471 Iure.
802 420 878 493 377

175 520 280 587 Tempus
296 519 322 571 in
336 519 475 573 immensum
488 522 603 588 lacrymas
617 516 663 570 tibi
675 516 786 571 vovimus
802 520 871 579 istas,

211 594 274 657 Quae
286 596 399 660 semper,
419 593 489 645 causi
505 593 657 650 sufficiente,
674 592 770 642 cadant.

176 668 298 717 Dixerat:
310 680 334 717 at
351 666 442 717 Clotho
458 666 527 731 jussit
542 664 652 732 promiffa
667 665 770 724 valere,

210 738 285 790 Nevit
301 739 327 789 dt
343 738 441 789 infausti
457 740 551 791 stamina
568 740 632 805 pulla
645 754 726 787 mauu.

175 812 206 861 Et
221 829 252 862 ne
269 814 342 879 longa
358 812 403 863 suae
416 813 529 879 presagia
546 812 640 861 diceret
655 811 743 869 borae3
890 824 940 872 245

210 885 268 935 Fata
285 896 355 935 canet
371 897 440 935 vates
454 886 494 952 qui
510 897 572 943 tua,
588 884 669 941 dixit,
687 884 745 932 erit.

172 956 218 1008 llle
234 972 282 1025 ego
295 957 345 1007 firm
360 970 428 1009 vates
444 974 451 1008 ε
468 974 499 1009 ex
512 975 550 1008 me
566 970 609 1007 tua
622 958 724 1008 vulnera
739 954 825 1008 disces.

211 1027 246 1079 Dt
261 1028 334 1081 modo
348 1030 406 1081 dent
421 1030 485 1083 vires
500 1031 525 1081 in
541 1047 594 1081 mea
609 1031 682 1079 verba
696 1029 768 1079 sues!

173 1102 373 1169 Carminibusque
388 1104 448 1155 meis
464 1102 580 1156 accedant
597 1102 706 1169 pondera
721 1118 820 1160 return,

211 1174 273 1239 Quae
289 1188 340 1227 rata
355 1192 400 1241 per
415 1176 491 1227 lucius
508 1177 633 1241 experiare
648 1186 716 1225 tuos.
889 1188 905 1222 2
911 1189 942 1235 50

171 1250 244 1299 Neve
257 1248 309 1299 sine
323 1250 440 1315 exemplis
455 1249 501 1299 aevi
516 1249 626 1299 cruciere
641 1248 746 1313 prioris,

209 1321 261 1371 Sint
276 1333 318 1372 tue
331 1321 445 1387 Trojanis
460 1337 510 1371 non
525 1321 618 1371 leviora
631 1321 709 1370 malis.

171 1394 320 1460 Quantaque
336 1394 451 1459 clavigeri
466 1393 584 1444 Paeantius
602 1393 715 1443 Herculis
728 1392 822 1450 heres,

208 1465 288 1518 Tanta
302 1479 425 1516 venenato
442 1467 541 1517 vulnera
555 1483 626 1516 crure
641 1482 722 1532 geras.

169 1540 225 1591 Nec
242 1537 319 1589 levitis
333 1539 436 1597 doleas,
450 1542 523 1605 quim
538 1540 578 1604 qui
591 1538 653 1588 bibit
665 1539 740 1587 ubera
754 1553 853 1593 cervae,
890 1552 906 1585 2
911 1552 940 1599 55

209 1610 350 1676 Armatique
367 1611 423 1661 tulit
436 1613 542 1671 vulnus,
559 1612 658 1661 inermis
675 1627 756 1675 opem.

169 1683 273 1749 Quique
290 1684 319 1732 ab
335 1699 400 1747 equo
416 1700 523 1750 praeceps
538 1684 562 1733 in
579 1683 652 1733 Aleia
668 1683 758 1733 decidit
772 1698 851 1740 arva;

209 1755 293 1805 Exitio
310 1754 384 1807 facies
401 1757 440 1806 cui
458 1757 497 1807 sua
512 1773 581 1824 pene
598 1755 654 1807 fuit.

170 1828 198 1879 ld
209 1860 216 1887 ‚
233 1828 299 1894 quod
309 1829 482 1897 Amyntorides
492 1863 499 1888 ,
510 1830 592 1881 videas
603 1846 613 1888 3
624 1827 791 1896 trepidumque
801 1827 906 1878 ministro

208 1900 341 1951 Pretentes
358 1904 465 1961 baculo,
480 1904 574 1953 luminis
592 1905 684 1959 orbus,
701 1903 769 1953 iter..
889 1901 940 1951 260

172 1972 227 2023 Noc
243 1974 296 2039 plus
311 1975 427 2038 aspicias,
442 1978 511 2039 quim
527 1991 599 2040 quem
613 1976 652 2024 sua
668 1974 717 2023 filia
731 1976 813 2033 rexit3

207 2046 329 2110 Expertus
344 2047 421 2097 scelus
437 2046 470 2097 est
485 2045 553 2113 cujus
569 2059 671 2112 uterque
688 2064 783 2112 parens.
800 2056 807 2070 ¹

171 2116 257 2181 Qualis
273 2130 346 2178 eret,
363 2119 414 2184 post
426 2123 495 2186 quim
513 2119 546 2171 est
561 2120 637 2185 judex
653 2121 682 2169 de
700 2120 742 2169 lite
758 2118 843 2183 jocosi
865 2146 868 2152 ·

206 2190 323 2249 Sumtus,
344 2192 472 2257 Apollinei
489 2194 567 2243 clarus
582 2193 608 2241 in
624 2204 677 2242 arte
695 2193 775 2241 senex.
807 2250 813 2259 ι

170 2262 262 2327 Qualis·
276 2264 303 2314 bt
319 2264 360 2313 ille
376 2264 439 2323 fuit,
458 2283 507 2332 quo
523 2266 698 2331 precipiente,
716 2264 827 2315 columba
888 2262 938 2325 265

206 2336 245 2385 Est
262 2335 316 2385 data
330 2334 441 2395 Palladiae
456 2339 544 2403 previa
562 2338 658 2405 duxque
675 2338 730 2387 rati.

168 2408 268 2474 Quique
280 2408 358 2459 oculis
368 2409 445 2459 caruit
456 2442 464 2468 ,
481 2428 525 2477 per
535 2427 596 2477 quos
606 2410 667 2479 maie
677 2410 771 2461 viderat
779 2426 863 2459 aurum
874 2424 882 2458 ι

205 2480 306 2532 Inferias
320 2494 377 2532 nato
393 2499 455 2548 quos
469 2484 536 2534 dedit
553 2486 612 2534 orbe
627 2500 723 2549 parens.

167 2551 248 2603 Pastor
263 2566 290 2604 ut
304 2552 433 2613 AEtnaeus',
451 2557 491 2605 cui
507 2556 573 2606 casus
590 2569 647 2607 ante
663 2557 774 2613 futuros,

204 2624 318 2678 Telemus
334 2626 484 2695 Eurymedes
497 2629 643 2683 vaticinatus
658 2641 719 2679 erat.
884 2641 937 2690 270

166 2700 203 2750 Ut
221 2697 270 2747 duo
286 2697 410 2759 Phinidae,
429 2700 514 2766 quibus
530 2702 594 2751 idem
608 2703 687 2751 lumen
702 2699 810 2755 ademit,

204 2768 255 2834 Qui
272 2770 351 2831 dedit,
369 2784 395 2823 ut
413 2773 541 2841 Thamyrae
557 2790 565 2825 e
579 2775 766 2839 Demodocique
781 2782 863 2835 caput.
963 2768 965 2773 ’

164 2845 204 2895 Sic
220 2844 303 2909 aliquis
321 2857 362 2897 tua
376 2848 481 2897 membra
495 2848 561 2899 secet
572 2868 592 2907 ,x
598 2848 715 2899 Saturnus
729 2858 756 2895 ut
768 2843 822 2894 illas

200 2917 325 2967 Subsecuit
340 2931 439 2983 partes,
455 2920 519 2971 unde
537 2932 632 2969 creatus
648 2930 711 2968 erat.

164 2990 219 3042 Nec
235 2990 280 3041 tibi
293 2990 325 3048 sit
339 2991 426 3043 melior
441 2992 536 3041 tumidis
554 2993 683 3057 Neptunus
696 2991 723 3041 iu
735 2987 825 3049 undis,
881 3003 932 3052 275
991 3055 993 3058 Ι

201 3060 280 3131 Quin
297 3063 337 3115 cui
351 3063 404 3115 sunt
420 3063 502 3117 subitae
519 3066 595 3117 freter
612 3064 639 3118 ur
655 3079 715 3117 uxor
731 3079 798 3118 aves.
