2367 3942
285 466 375 538 174*
401 444 441 513 P.
471 446 920 531 OrrorrNAsours

282 565 394 615 Carmina
409 569 512 617 mutatas
525 562 650 614 hominum
664 564 767 615 dicentia
784 566 873 617 formas
885 582 893 618 z
977 583 980 591 ’

319 638 407 687 Infelix
422 638 512 687 domini
530 640 595 705 quud
612 638 667 705 fuga
682 639 747 704 rupit
763 656 835 705 opus.

241 726 272 775 ις
285 710 347 761 Haec
363 728 411 778 ego
428 711 571 771 discedens,
589 710 653 761 sicut
667 712 730 763 bene
745 714 819 763 multa
834 730 964 775 meorum,

320 783 374 851 lpse
387 783 441 833 mei
455 786 524 850 posui
539 784 632 836 maellus
648 785 672 834 in
688 786 745 853 igne
760 804 840 835 manu.

284 859 369 923 thue
384 858 497 908 cremasse
513 858 579 908 suum
597 858 674 908 fertur
688 858 729 909 sub
745 858 821 926 stipite
838 872 922 910 natum

320 929 450 989 Thestias,
471 932 496 983 δι
511 932 598 981 melior
612 944 689 981 matre
705 932 772 982 fuisse
789 933 878 991 soror3
948 940 953 949 '

284 1004 324 1055 sic
341 1020 453 1071 egenen
471 1006 591 1063 meritos,
608 1022 702 1055 meeum
718 1006 844 1071 peritura,
864 1008 960 1057 libellos

242 1094 276 1129 20
323 1077 428 1144 imposui
445 1078 552 1143 rapidis,
569 1078 662 1129 viscera
677 1079 755 1129 nollra
768 1094 781 1138 ,¹
791 1078 866 1147 rogis.

287 1152 338 1207 Vel
348 1151 414 1217 quod
425 1166 489 1201 eram
500 1151 583 1207 Musas
595 1186 602 1211 ‚
620 1164 648 1201 ut
659 1152 756 1201 crimina
766 1150 843 1202 uestra
855 1186 863 1211 ‚
879 1153 996 1220 perosus;

322 1224 373 1273 Vel
384 1225 449 1290 quod
459 1225 537 1277 adhuc
548 1225 658 1274 crescens
672 1226 766 1276 &rude
778 1222 874 1277 cannen
887 1241 949 1277 erat.

250 1288 255 1302 '
290 1296 353 1361 Quae
364 1298 475 1363 quoniam
486 1314 537 1348 non
547 1298 600 1347 sunt
609 1299 706 1364 penitus
717 1299 806 1349 sublata
818 1333 826 1357 ,
840 1300 880 1349 sed
890 1300 998 1360 exstant,

326 1368 435 1425 Pluribus
452 1371 569 1436 exemplis
583 1372 671 1438 scripta
686 1370 753 1422 luisse
767 1388 833 1423 reor.
901 1392 909 1396 ·

245 1458 261 1510 .²
265 1456 278 1505 5
291 1444 363 1493 Nune
377 1460 466 1508 precor
481 1456 508 1494 ut
523 1438 608 1495 vitarit
620 1474 638 1503 ‚-
648 1446 674 1496 u
691 1462 740 1495 non
755 1446 840 1513 ignava
855 1446 980 1514 legenuint

175 1517 180 1527 '
326 1516 386 1567 Otia
401 1517 542 1577 deledleut,
560 1518 754 1585 admoneantque
771 1518 830 1568 mei.

289 1590 344 1641 Nec
360 1602 441 1639 tamen
456 1592 497 1641 illa
513 1592 562 1657 legi
573 1604 694 1656 poterunt
708 1592 829 1657 patienter
844 1592 873 1641 ab
890 1594 962 1651 ullo,
983 1604 985 1611 ’

327 1662 428 1712 Nesciet
444 1664 481 1712 his
498 1664 610 1713 summam
624 1665 645 1713 si
661 1666 713 1731 quis
728 1663 805 1713 abelie
821 1682 927 1715 manum.

290 1734 404 1785 Ablatum
420 1737 508 1785 mediis
525 1752 587 1800 opus
602 1736 635 1785 eil
651 1736 776 1787 incudibus
791 1738 874 1796 i11ud;

247 1820 280 1871 30
327 1806 414 1857 Defuit
431 1808 456 1857 dt
472 1807 564 1871 scriptis
581 1809 664 1857 ultima
681 1809 736 1857 lima
753 1810 821 1859 meis.

292 1879 324 1929 Et
338 1880 492 1945 veniam·pro
508 1880 580 1937 laude
596 1894 674 1945 peto:
687 1880 797 1932 laudatus
812 1882 928 1943 abunde,
985 1876 987 1883 ⁴
1002 1932 1004 1935 .

328 1953 386 2002 Non
401 1952 515 2003 fastiditus
529 1953 549 2004 si
565 1954 628 2013 tibi,
645 1952 749 2012 Letlor,
767 1970 821 2006 ero.
856 2009 859 2014 .
904 1994 906 1997 .

292 2025 346 2077 llus
362 2041 459 2092 queque
475 2027 517 2084 seu
529 2029 632 2087 versus,
649 2028 675 2079 in
690 2028 759 2093 primi
774 2028 857 2079 fronte
871 2026 948 2079 libelli

211 2098 214 2103 ’
331 2098 356 2148 si
372 2100 549 2167 praeponeudos
562 2100 609 2151 eise
627 2102 739 2166 putabis,
757 2102 829 2151 habe.

248 2184 281 2240 35
296 2172 365 2223 Orba
380 2186 481 2238 parente
497 2175 539 2225 suo
556 2175 701 2240 quicumque
714 2175 837 2223 v'olumina
849 2172 948 2241 eangist
974 2238 979 2248 .

330 2244 375 2295 His
392 2246 474 2308 saltem
488 2246 566 2296 vestri
581 2248 652 2295 detur
666 2246 692 2295 in
706 2246 870 2309 Urbelocus.

294 2317 486 2387 Qudquernagis
498 2319 580 2368 faveas
591 2352 599 2377 ‚
619 2334 668 2367 non
683 2318 736 2371 sunt
748 2320 801 2371 haec
813 2320 876 2369 edita
890 2318 919 2367 ab
934 2316 986 2383 ipso
998 2352 1007 2377 ,

330 2389 379 2440 Sed
393 2392 461 2457 quasi
477 2392 507 2441 de
522 2391 613 2439 domini
629 2392 715 2441 funere
731 2404 798 2457 rapta
814 2392 857 2441 sui.

85 2537 87 2544 Ι
183 2493 198 2503 .
296 2462 420 2528 Quidquid
431 2464 455 2512 in
469 2464 505 2512 his
520 2462 595 2531 igitur
609 2464 663 2514 vitii
678 2465 738 2514 rude
750 2480 846 2515 carmen
861 2460 982 2523 babebit,
998 2494 1001 2499 ι

249 2549 285 2595 4ο
331 2534 527 2597 Extendamus,
545 2537 566 2588 si
581 2536 703 2598 licuiffet,
721 2553 795 2592 etam.

559 2731 687 2957 du

515 2957 709 3039 *M
