2367 3942
327 505 406 582 350
448 484 492 554 P.
519 482 710 553 ονιοιι
736 483 980 557 ΝΛεοκιε

325 603 421 671 Aspicis
438 603 465 655 dt
479 602 544 652 mitti
558 602 601 652 sub
617 602 714 652 adunco
729 601 811 653 toxica
828 604 920 668 ferro,

363 678 395 727 Et
412 679 489 727 telum
504 676 585 726 causas
601 676 686 726 mortis
700 677 791 725 habere
805 676 877 729 duas.
890 683 894 701 ¹

327 749 410 816 Atque
424 751 515 800 utinam
529 765 584 816 pars
601 749 653 797 haec
670 761 762 797 tantum
778 748 885 814 speslata
898 752 1006 805 suiffetl

365 825 422 873 Non
440 824 512 873 etiam
528 823 628 889 proprio
643 822 741 889 cognita
757 822 843 871 Marte
859 825 917 874 tibi.

285 904 315 956 15
328 896 441 947 Tenditis
456 897 486 945 ad
504 896 606 961 primum
616 895 666 961 'per
680 893 750 944 densa
765 895 877 959 p'ericula
891 899 993 962 piltune

364 968 476 1037 Contigit
491 985 522 1018 ex
537 970 626 1018 merito
643 968 684 1034 qui
699 967 745 1016 tibi
758 984 836 1033 nuper
854 970 953 1023 honos.

326 1042 364 1093 Sit
378 1043 437 1093 licet
452 1043 491 1092 hic
507 1043 594 1091 titulus
611 1041 688 1107 plenis
704 1040 749 1090 tibi
764 1040 882 1093 srufflbus
898 1044 1014 1114 ingens,

363 1114 415 1181 lpsa
429 1128 511 1166 tamen
526 1116 603 1165 virtus
617 1114 703 1164 ordine
716 1111 794 1179 major
809 1114 871 1164 erit.

326 1189 385 1239 Non
398 1201 473 1256 neget
487 1188 534 1238 hoc
550 1187 626 1245 Ilien,
645 1185 714 1251 cujus
727 1198 769 1236 tua
785 1187 889 1237 dextera
904 1192 1033 1257 quondam

283 1273 317 1308 ao
365 1261 600 1312 Puniceam·Getico
614 1260 726 1327 sanguine
742 1260 802 1310 fecit
818 1276 920 1326 aquarn.

326 1337 385 1386 Non
394 1348 469 1404 neget
478 1334 600 1403 AEgypsos
612 1366 620 1392 ,
633 1351 704 1399 quae,
716 1345 742 1382 te
754 1331 872 1383 subeunte
883 1365 893 1395 ,
904 1349 1013 1404 recepta

364 1409 444 1459 Sensit
458 1409 482 1459 in
499 1408 599 1476 ingenio
614 1407 649 1456 nil
665 1406 718 1471 opis
734 1405 781 1455 esse
798 1407 860 1456 loci.

327 1481 390 1531 Nam
406 1483 521 1540 dubium,
538 1481 621 1548 positu
635 1481 721 1529 melius
739 1478 837 1529 defensa
852 1497 989 1544 manuve,

364 1555 430 1605 Urbs
447 1567 499 1605 erat
514 1555 541 1604 in
557 1555 648 1604 summo
663 1553 766 1602 nubibus
783 1568 852 1617 aequa
869 1553 947 1622 jugo.

282 1640 315 1689 ας
329 1626 441 1678 Sithonio
457 1627 519 1696 Regi
534 1627 601 1678 serus
617 1627 781 1692 interceperat
795 1625 863 1674 illam

363 1700 463 1760 Hostis,
481 1701 507 1750 ἃ
520 1712 617 1767 ereptas
630 1699 707 1749 vietor
721 1698 825 1748 habebat
840 1715 918 1765 opes.

325 1772 416 1823 Donec
431 1773 544 1824 fluminei
558 1773 659 1823 devesia
672 1771 790 1823 Vitellius
802 1771 869 1821 undd

363 1846 467 1904 Intulit,
485 1844 599 1910 exposito
615 1845 710 1901 milite,
726 1845 793 1912 signa
809 1843 896 1894 Getis.

327 1917 360 1967 At
374 1918 438 1977 tibi,
454 1918 584 1986 progenies
600 1918 643 1967 alti
657 1915 788 1968 fortissima
803 1917 907 1976 Dauni,

285 2002 318 2056 30
365 1991 442 2044 Venit
455 1991 482 2042 in
495 1990 609 2042 adversos
625 1991 729 2057 impetus
745 1992 781 2040 ite
798 1991 877 2041 viros.

326 2065 380 2115 Nec
398 2083 464 2117 mora
476 2082 483 2118 ε
495 2066 638 2132 conspicuus
653 2062 726 2132 longe
742 2064 893 2132 fulgentibus
909 2064 1010 2126 umis,

362 2138 446 2190 Fortia
461 2157 493 2190 ne
509 2140 603 2207 possint
618 2138 678 2187 sasia
694 2139 789 2195 latere,
810 2150 903 2188 caves:
920 2177 923 2182 .

327 2211 470 2280 Ingentique
483 2212 659 2280 gradu·contra
674 2210 812 2276 ferrumque
828 2212 988 2278 locurnque,

363 2285 474 2353 Saxaque
489 2286 589 2336 brumali
604 2283 719 2352 grandine
733 2285 820 2350 plura,
837 2283 912 2334 subis.

283 2368 315 2419 35
329 2357 383 2408 Nec
397 2371 423 2409 te
440 2358 503 2409 missa
519 2359 589 2425 super
605 2357 742 2425 jaculorum
752 2357 823 2406 turba
838 2371 975 2421 moratur,

363 2431 417 2481 Nec
432 2449 485 2498 quae
500 2433 602 2497 vipereo
618 2432 667 2480 tela
683 2445 769 2480 cruore
785 2429 894 2479 madent.

327 2501 424 2568 Spicula
439 2518 493 2552 cunr
507 2504 577 2568 pislis
589 2504 691 2554 horrent
707 2502 732 2552 in
746 2502 838 2552 casside
852 2500 969 2568 penulas

364 2573 468 2641 Parsque
484 2574 535 2624 sere
550 2574 612 2641 scuti
622 2572 724 2626 vulnere
740 2576 805 2625 nulla
819 2589 903 2626 vacat.

325 2646 381 2698 Nec
395 2664 483 2713 corpus
500 2648 600 2699 cunstos
616 2649 723 2700 feliciter
738 2647 823 2716 effugit
836 2646 926 2707 isiusa

280 2733 316 2780 40
363 2720 412 2770 Sed
426 2722 504 2772 minor
520 2722 554 2772 est
569 2722 619 2772 acri
634 2723 711 2773 laudis
726 2736 809 2772 amore
825 2721 912 2772 dolor.

325 2791 393 2843 Talis
409 2795 472 2859 apud
488 2794 589 2862 Troiam
603 2796 698 2846 Danais
712 2812 758 2862 pro
773 2795 875 2846 navibus
891 2792 963 2863 Ajax

361 2866 461 2919 Dicitur
476 2868 612 2918 Heiloreas
629 2868 756 2919 sustinuisse
772 2870 848 2920 faces.

325 2938 362 2988 Ut
372 2941 469 3008 propids
480 2955 578 2991 ventum
589 2940 633 2998 esi,
640 2941 806 3010 commissaque
816 2942 920 2992 dextera
933 2941 1044 3000 dextre,

361 3013 458 3080 Resque
474 3015 528 3065 sero
541 3015 622 3081 potuit
636 3016 744 3066 cominus
758 3014 814 3065 ense
830 3016 883 3082 geri
895 3032 907 3074 ς

279 3095 314 3146 45
326 3084 419 3138 Dicere
434 3086 530 3136 difficile
545 3087 598 3145 ess,
613 3088 669 3154 quid
683 3089 751 3138 Mars
765 3100 821 3139 tuus
837 3090 919 3155 egerit
933 3088 1007 3148 illic.

281 3154 300 3159 ”
362 3159 1044 3232 Quosquenecidedennqmqunquuusqoeuodis.
