2367 3942
257 389 897 532 TursrrurrLru.III.217

182 558 269 625 thue
288 555 364 622 fugax
380 553 455 602 avidis
474 569 560 602 cervus
578 551 707 618 deprensus
725 555 754 602 ab
770 555 851 614 ursis.

223 628 344 681 cinuave
360 625 478 676 montanis
497 638 524 674 ut
537 637 611 690 paret
627 641 687 692 agna
705 627 765 692 lupis
780 645 789 684 ς

185 703 227 754 Sir
246 718 296 769 ego
312 698 434 767 belligeris
450 715 464 746 a
480 699 591 766 gentibus
607 698 711 764 undique
729 699 810 766 septus

221 773 356 831 Teneor,
369 771 435 822 hoste
451 787 531 822 meum
546 787 615 837 paeue
632 785 757 836 premente
775 775 848 826 lutus.

187 849 276 915 thue
293 848 326 898 sir
344 846 457 912 exiguum
472 861 571 910 poenae,
592 844 658 910 quod
672 843 777 912 conjuge
797 845 870 906 cari,
912 863 942 908 15

227 919 305 986 Quod
322 919 399 984 patrii
415 934 506 973 careo,
525 917 712 984 pignoribusque
727 917 808 977 meis3

189 995 226 1045 Ut
242 995 305 1042 mala
321 992 386 1040 uuila
404 990 499 1049 ferani,
517 991 564 1040 nisi
578 990 666 1040 nudam
680 989 779 1042 Caesaris
795 994 872 1052 iram,

211 1063 301 1118 Nuda
316 1081 401 1132 parurn
417 1065 488 1113 nobis
507 1061 610 1113 Caesaris
626 1063 661 1126 ira
677 1065 733 1113 mali
749 1065 807 1116 est?

188 1141 223 1192 Et
240 1152 324 1191 temen
340 1137 375 1187 est
388 1136 492 1202 aliquis,
508 1137 548 1202 qui
563 1138 663 1186 vulnera
679 1137 752 1186 cruda
769 1138 901 1198 retraiiet5

229 1212 316 1262 Solvor
331 1210 357 1261 δι
373 1209 398 1259 in
414 1225 494 1260 mores
511 1225 554 1258 ora
570 1209 656 1258 diserta
672 1226 750 1260 meos.
913 1229 946 1264 ιο

191 1287 221 1337 ln
238 1285 310 1336 causi
323 1283 389 1335 facili
405 1281 481 1333 cuiuis
496 1282 556 1332 licet
572 1281 620 1332 effe
637 1282 747 1338 diserto,

157 1383 162 1390 ·
231 1359 264 1408 Et
281 1357 383 1407 minimae
397 1356 462 1406 vires
479 1355 590 1422 frangere
608 1353 685 1422 quass'a
701 1357 793 1406 valent.

195 1433 317 1484 Subruere
335 1429 369 1479 est
385 1445 454 1480 arces
471 1428 498 1478 &
513 1427 597 1477 stantia
613 1427 701 1478 moenia
714 1429 811 1479 virtus:

232 1503 374 1568 Quamlibet
389 1499 470 1570 ignavi
481 1533 490 1559 ,
503 1499 654 1568 precipitata
671 1513 751 1550 ruunt.
914 1520 950 1566 24

195 1579 254 1628 Non
260 1577 309 1628 sum
316 1575 364 1644 ego
371 1609 379 1634 ,
386 1575 453 1641 quod
459 1575 551 1624 fueram
559 1588 566 1622 r
575 1571 633 1639 quid
639 1572 734 1622 inanem
740 1571 843 1640 proteris
850 1575 967 1628 umbram?

233 1649 301 1714 Quid
317 1650 424 1699 cinerem
439 1647 520 1705 saxis,
538 1645 651 1712 bustaque
666 1643 761 1705 nostra,
778 1646 890 1714 premis?

155 1747 159 1755 ·
178 1717 289 1784 sfflstor
303 1731 356 1772 erut
372 1735 430 1772 tunc
448 1717 502 1768 crim
514 1719 580 1768 bello
598 1717 725 1778 certabam
742 1719 843 1770 aridem

102 1793 109 1849 ζ
149 1785 159 1829 T
195 1842 198 1848 ,
233 1795 336 1849 Viustus
351 1795 382 1844 ad
396 1792 538 1860 Haemoqios
552 1808 602 1842 non
618 1803 669 1842 eret
686 1791 778 1842 Heiior
795 1809 880 1862 equos.

194 1868 241 1920 Me
254 1871 371 1935 quoque',
389 1867 464 1932 quern
475 1882 547 1916 noras
562 1865 638 1924 olim,
653 1881 703 1915 non
717 1865 764 1916 effe
781 1880 922 1920 memento:

233 1942 272 1995 Ex
287 1941 330 1991 iilo
347 1941 459 2006 superant
472 1940 524 1990 haec
540 1939 667 1990 simulacra
682 1939 745 1989 viro.
918 1954 952 2006 30

106 2001 110 2010 ⁹
198 2013 266 2079 Quid
281 2011 431 2071 simulacra,
448 2011 537 2071 ferox,
557 2012 623 2062 dirus
640 2011 740 2064 incessis
757 2013 869 2065 amaris?

234 2086 334 2144 Parce,
351 2100 457 2151 precor,
475 2101 555 2135 manes
572 2084 692 2136 solirirare
710 2101 787 2136 meos.

198 2160 290 2211 Omnia
306 2175 366 2209 vera
381 2171 441 2224 pure
456 2173 508 2208 mea
523 2158 618 2209 crimina
633 2176 640 2208 :
655 2159 688 2208 nil
705 2159 736 2208 sir
753 2157 777 2210 in
794 2157 860 2218 iilis,

235 2231 313 2297 Quod
328 2232 402 2300 magis
419 2248 545 2291 errorem,
563 2235 634 2298 quim
650 2231 726 2282 scelus
739 2265 757 2289 ,‚
769 2231 816 2282 effe
833 2244 913 2298 putes.

200 2305 330 2357 Peudirnus
345 2321 376 2354 en
391 2304 503 2370 profugi,
518 2304 575 2354 satia
588 2315 631 2354 tua
644 2303 759 2368 periura,
777 2321 876 2371 poenas,
917 2304 949 2371 3'5

236 2379 379 2444 Exsilioque
396 2393 501 2445 graves,
520 2376 645 2442 exsiliique
660 2378 726 2427 loco.

201 2449 316 2502 carnifici
331 2451 439 2501 Fortuna
454 2447 532 2516 potest
547 2465 602 2498 mea
618 2448 696 2498 flenda
710 2448 807 2502 videri:

237 2523 277 2574 Te
291 2537 373 2575 tamen
389 2523 423 2573 est
438 2539 488 2572 uno
502 2521 584 2588 judice
602 2521 680 2571 maesta
695 2539 788 2588 parum.

152 2622 156 2628 ·
203 2597 297 2648 Saevior
312 2614 339 2648 es
353 2596 412 2646 tristi
428 2594 537 2645 Busiride
551 2611 560 2645 e
574 2594 659 2643 saevior
676 2594 737 2654 iuo,

241 2670 291 2734 Qui
305 2667 389 2720 falsum
405 2672 473 2719 lento
489 2668 578 2718 torruit
594 2666 649 2734 igne
665 2668 763 2717 bovem.
918 2683 953 2730 qo

205 2742 302 2808 Quique
318 2743 407 2793 bovem
422 2742 505 2794 §inno
520 2741 600 2791 fertur
615 2739 709 2790 douaffe
725 2753 852 2808 tyranno,

239 2815 272 2864 Et
289 2815 355 2864 diuis
369 2830 434 2866 artes
453 2813 588 2864 conciiiaffe
606 2811 667 2862 suas.

202 2888 311 2938 Munere
322 2888 347 2936 in
356 2889 402 2939 hoc
415 2923 423 2948 ,
435 2887 508 2946 Rex,
521 2886 555 2938 est
565 2886 639 2943 usus,
652 2884 805 2950 sed-imagine
816 2883 892 2951 major
903 2902 909 2936 :

242 2961 299 3010 Nec
315 2959 409 3010 selaeu
426 2963 506 3028 operis
523 2961 600 3010 forma
618 2957 740 3024 probanda
757 2957 814 3005 mei.

206 3033 301 3100 Aspicis
316 3050 330 3083 a
347 3033 431 3084 dextri
447 3035 509 3084 latus
524 3033 572 3082 hoc
588 3029 719 3098 adapertile
735 3027 821 3078 tauri?
923 3046 940 3091 4
945 3045 956 3090 5

168 3135 171 3139 ·
243 3107 299 3157 Huc
317 3107 380 3165 tibi.
399 3123 472 3172 quem
488 3105 596 3172 perdes,
614 3101 779 3168 conjiciendus
797 3102 857 3188 erit.¹

269 3171 356 3231 Turnus
375 3177 440 3231 111.
798 3193 801 3200 ⁴
850 3171 872 3222 r<
