2367 3942
873 477 1015 528 120
1114 454 1196 524 P.
1246 452 1633 524 orma
1685 453 2124 524 NASONI.

862 576 914 626 Si
941 586 1080 641 pater
1109 571 1175 622 est
1202 571 1352 622 faaus
1375 604 1390 628 ,
1428 572 1651 641 negleao
1687 572 1905 640 conjugis
1938 574 2026 623 usu
2049 608 2066 635 ,

748 669 843 714 240
940 647 1167 713 Iuppiter
1185 680 1202 700 ,
1236 646 1286 696 ὃ(
1308 646 1440 694 solus
1466 662 1646 694 nomen
1675 657 1932 714 utrumque
1957 659 2105 698 tenet

865 722 968 772 Cur
996 736 1091 788 ego
1126 718 1375 784 desperem
1405 717 1509 768 fieri
1540 720 1644 768 sine
1675 718 1887 787 conjuge
1916 732 2074 770 mater
2095 738 2115 771 ε

935 793 998 842 Et
1026 808 1198 859 parere
1232 791 1411 840 intasto
1432 824 1448 848 ,
1480 791 1738 841 dummodo
1768 793 1924 851 πᾶα,
1956 794 2071 844 viro
2097 793 2124 845 ἓ

864 867 1043 919 Omnia
1073 867 1276 916 tentabo
1308 865 1417 914 latis
1451 864 1762 914 medicamina
1789 866 1974 924 terris3

937 940 999 989 Et
1024 939 1148 989 freta
1165 971 1180 996 ,
1214 937 1479 988 Tartareos
1508 939 1840 1005 excutiamque
1873 939 2031 988 sinus.

744 1033 838 1095 245
863 1015 982 1067 Vox
1011 1023 1117 1062 erat
1140 1013 1189 1060 in
1213 1011 1352 1060 cursu
1372 1027 1387 1061 ε
1410 1012 1595 1061 vultum
1620 1011 1881 1061 dubitantis
1904 1012 2124 1062 habebat:

938 1085 1115 1134 Nescio
1146 1085 1291 1151 quid,
1319 1085 1544 1151 Nymphe
1564 1117 1579 1141 ,
1609 1084 1740 1150 posse
1768 1084 1944 1135 videris
1964 1116 1981 1143 ,
2008 1087 2098 1134 ait.

862 1161 969 1210 Ter
995 1157 1129 1208 volui
1152 1158 1437 1223 promittere
1462 1173 1604 1222 opem
1626 1191 1641 1215 ‚
1670 1170 1749 1206 ter
1770 1156 1933 1224 lingua
1954 1169 2124 1208 rotent

913 1232 1011 1282 'lra
1037 1230 1172 1283 Jovis
1198 1231 1356 1297 magni
1386 1230 1524 1279 causa
1553 1231 1738 1280 timoris
1770 1243 1894 1280 erat.

860 1308 955 1356 Fer
975 1340 989 1363 ,
1018 1308 1228 1370 precof,
1259 1303 1483 1352 auxilium
1502 1337 1517 1362 ,
1546 1303 1698 1362 dixit3
1735 1305 1970 1354 celabitur
1997 1304 2124 1355 auci<

744 1401 838 1448 :50
934 1379 996 1428 Et
1025 1377 1205 1445 stygiae
1226 1393 1407 1427 numen
1435 1375 1714 1427 testificatur
1740 1393 1894 1442 aquae.

859 1451 1011 1517 Quod
1039 1449 1166 1518 petis
1182 1485 1202 1508 ,
1220 1450 1433 1502 ·Oleniis
1448 1485 1464 1510 ,
1492 1450 1685 1517 inquam
1700 1483 1715 1508 ,
1752 1450 1865 1499 mihi
1887 1444 2047 1500 miffus
2066 1451 2124 1500 ab

934 1527 1046 1577 Flos
1071 1526 1200 1576 dabit
1231 1541 1248 1575 τ
1278 1523 1345 1575 est
1373 1524 1528 1574 hortis
1554 1524 1724 1574 unicus
1752 1523 1834 1573 ille
1857 1523 1999 1573 meis.

861 1600 958 1665 Qui
975 1597 1624 1658 dabat,l·10c,dixit,sterilem
1636 1612 1830 1664 quoque
1840 1607 1987 1663 tange
1999 1597 2124 1663 juve}

930 1671 1096 1721 Mater
1122 1672 1234 1720 erit.
1265 1671 1431 1738 Tetigi
1453 1686 1469 1720 t
1496 1686 1589 1720 nec
1613 1687 1744 1720 mora
1765 1703 1780 1728 ,
1810 1680 1966 1719 mater
1990 1682 2119 1721 erat.

744 1764 834 1812 255
858 1744 1086 1795 Protinus
1107 1744 1372 1793 haerentem
1400 1743 1624 1809 decerpsi
1651 1744 1832 1809 pollice
1858 1743 2033 1793 florem
2050 1759 2068 1794 ε

928 1817 1199 1881 Tangitur,
1235 1815 1287 1864 &
1315 1814 1445 1863 τεᾶο
1479 1816 1695 1881 concipit
1722 1817 1805 1866 illa
1836 1817 1962 1867 sinu.
2006 1830 2011 1835 ·

855 1889 1054 1956 Jamque
1072 1888 1229 1957 gravis
1246 1887 1472 1938 Thracen
1488 1922 1506 1946 ,
1534 1889 1585 1939 δι
1602 1891 1724 1940 laeva
1742 1888 2071 1955 Propontidos
2090 1888 2124 1940 it

928 1964 1100 2030 Fitque
1125 1974 1303 2028 potens
1329 1961 1434 2012 voti
1454 1994 1469 2020 ,
1498 1962 1733 2031 Marsque
1763 1975 1955 2013 creatus
1980 1976 2108 2015 erat.

858 2037 960 2102 Qui
986 2052 1170 2087 memor
1197 2036 1388 2103 accepti
1418 2053 1507 2104 per
1534 2053 1614 2088 me
1640 2038 1809 2088 natalis
1829 2070 1845 2096 ‚
1873 2037 2071 2087 Habeto

740 2114 836 2164 260
929 2111 1009 2161 Tu
1040 2127 1233 2179 quoque
1264 2110 1538 2168 Romulei,
1571 2111 1724 2171 dixit,
1756 2111 1808 2160 in
1846 2111 1983 2161 Urbe
2013 2112 2124 2159 locu

854 2186 1075 2236 Forsitan
1104 2186 1153 2235 in
1181 2185 1362 2236 teneris
1390 2183 1575 2234 tantum
1601 2200 1708 2234 mea
1738 2200 1886 2250 regna
1916 2184 2112 2233 coronis

928 2257 1031 2307 Esse
1057 2270 1235 2324 putesz
1270 2267 1475 2324 tangunt
1503 2273 1679 2305 numen
1710 2256 1758 2305 δι
1789 2272 1901 2305 arva
1933 2272 2114 2306 meum.

856 2331 904 2381 Si
932 2332 1056 2380 bene
1086 2329 1337 2380 floruerint
1367 2329 1557 2395 segetes
1575 2362 1593 2384 ,
1629 2328 1721 2377 erit
1749 2344 1860 2377 area
1886 2328 2050 2378 dives.

925 2405 975 2454 Si
999 2404 1130 2453 'bene
1158 2402 1378 2453 floruerit
1401 2402 1543 2451 vinea
1562 2434 1578 2460 ,
1614 2400 1834 2449 Bacchus
1859 2401 1971 2449 erit.

736 2479 796 2529 26
806 2492 828 2542 5
856 2476 905 2526 Si
939 2479 1062 2526 bene
1097 2475 1352 2526 floruerint
1383 2475 1543 2530 oleae‚
1581 2472 1890 2522 nitidissimus
1924 2486 2121 2532 annun

921 2548 1163 2614 Pomaque
1195 2558 1486 2615 proventum
1516 2545 1749 2611 temporis
1777 2542 1918 2609 hujus
1951 2547 2124 2597 habent

848 2623 992 2674 Flore
1024 2621 1169 2671 semel
1198 2621 1309 2672 laeso
1331 2655 1346 2680 ,
1374 2631 1584 2687 pereunt
1606 2618 1845 2683 viciaeque
1875 2618 2124 2685 faba-que:

919 2694 980 2745 Et
1005 2706 1213 2760 pereunt
1243 2697 1399 2744 lentes
1420 2727 1438 2751 ,
1470 2692 1652 2743 advena
1683 2690 1797 2741 Nile
1819 2725 1834 2750 ,
1862 2704 1978 2742 tuae.

843 2768 972 2818 Vina
1008 2785 1201 2835 quoque
1224 2802 1240 2827 ,
1280 2768 1328 2816 in
1357 2765 1538 2837 magnis
1574 2764 1785 2832 operose
1819 2765 2017 2815 condita
2049 2766 2124 2816 cel

724 2858 825 2905 270
920 2841 1120 2903 [florent
1145 2855 1159 2890 ε
1187 2841 1237 2891 &
1271 2842 1460 2890 nebulae
1490 2839 1618 2887 dolia
1643 2838 1818 2888 summa
1845 2850 2037 2906 tegunt.

840 2914 996 2964 Mella
1027 2922 1187 2964 meum
1218 2927 1426 2963 munus:
1459 2912 1685 2961 volucres
1713 2928 1808 2979 ego
1839 2914 1980 2961 mella
2012 2912 2124 2961 datu

913 2988 993 3037 Ad
1023 2989 1200 3037 violam
1223 3020 1238 3046 ,
1273 2987 1322 3036 &
1351 2984 1563 3053 cythisos
1585 3019 1601 3044 ‚
1636 2986 1688 3035 &
1719 2985 1884 3054 thyma
1918 3001 2033 3033 cana
2056 3018 2072 3042 ,
2102 3000 2124 3031 t

838 3060 947 3111 Nos
963 3076 1155 3128 quoque
1167 3060 1294 3110 idem
1308 3058 1649 3127 fs-cimusstunc
1662 3056 2085 3123 cum,juvenilibus
2099 3073 2124 3105 a

910 3132 1175 3187 Luxuriant
1200 3133 1376 3193 animi,
1409 3142 1713 3203 corporaque
1743 3128 1843 3199 ipsa
1867 3131 2055 3199 yigent.
2107 3202 2124 3216 .-
