2367 3942
289 532 613 597 Fnsronunr
641 532 806 607 brus.
857 560 908 631 27
966 631 970 637 .

204 645 260 698 ilinc
270 651 319 700 alia
331 648 425 715 Satyris
437 646 548 697 incendia
558 648 624 698 mitia
633 653 741 715 prebent
751 670 761 711 ς

236 720 287 773 Pars
300 724 345 772 tibi
358 756 366 780 ,
383 721 425 786 qui
435 722 492 787 pinu
503 735 614 787 tempora
623 740 686 773 nexa
696 727 771 792 geris.

203 790 236 843 Te
246 806 340 862 quoque
352 828 360 852 ‚
379 793 521 844 inexstiutta
531 795 614 845 Silene
625 797 731 848 libidinis
743 833 750 857 ‚
767 813 849 853 unmt.

231 868 346 935 Nequitia
357 867 408 926 esi,
426 884 478 933 quae
489 880 515 917 te
530 885 580 919 non
593 870 651 919 sinit
663 870 710 921 effe
722 872 810 925 senem.

198 938 228 989 At
240 944 331 1000 ruber,
349 941 475 991 hortorum
486 941 560 992 decus
573 944 600 993 dt
609 945 703 1002 tutela,
721 944 821 1014 Priapus
912 966 965 1015 415

232 1014 353 1064 Omnibus
365 1030 395 1063 ex
406 1014 451 1063 illis
462 1014 550 1065 Lotide
564 1029 647 1081 captus
661 1029 723 1067 erat.

195 1083 263 1137 Hanc
273 1089 361 1155 cupit,
379 1088 438 1137 hanc
449 1101 518 1154 optat
532 1086 602 1139 :soli
614 1089 711 1154 suspirat
721 1092 746 1141 in
755 1093 797 1144 illa
808 1110 818 1153 ς

228 1160 348 1229 Signaque
359 1161 399 1211 dat
409 1174 487 1220 nutu,
502 1162 654 1228 solicitatque
665 1165 738 1214 notis.

192 1230 267 1285 Falsus
279 1235 339 1285 inest
349 1236 456 1301 pulchris
469 1267 476 1292 ,
495 1235 650 1303 sequiturque
662 1236 771 1303 superbia
781 1240 891 1293 sormam.

226 1307 323 1358 lrrisum
334 1310 404 1359 vultu
415 1307 518 1373 despicit
529 1310 568 1357 illa
580 1309 633 1359 suo.
911 1333 964 1377 420

191 1376 245 1428 Nox
256 1394 308 1431 erat
319 1398 327 1432 t
342 1382 367 1432 dt
379 1414 386 1439 ‚
402 1382 460 1430 vino
471 1389 579 1431 somnum
591 1382 716 1442 faciente,
734 1383 847 1450 jacebant

224 1452 354 1521 Corpora,
374 1454 476 1504 diversis
491 1454 553 1503 viiia
567 1454 654 1519 sopore
666 1457 737 1508 locis.

187 1522 252 1576 Lotis
268 1528 293 1577 in
304 1528 429 1586 herbosi,
448 1526 489 1575 sub
504 1527 598 1577 acernis
613 1530 696 1579 ultima
707 1531 797 1590 remis,

220 1600 292 1650 Sicut
310 1613 365 1650 erat
380 1599 433 1649 lusu
449 1598 524 1655 sessa,
543 1600 636 1664 quieuit
652 1602 737 1650 humo.

183 1670 264 1739 Surgit
275 1688 380 1722 amans:
393 1671 546 1736 animamque
555 1683 643 1721 tenens
655 1703 663 1731 ,
680 1673 777 1742 vestigia
786 1674 868 1727 furtim
910 1695 943 1740 42
949 1697 960 1744 5

216 1744 344 1810 Suspenso
358 1744 438 1810 digitis
451 1742 500 1792 sert
515 1744 635 1795 taciturna
648 1746 733 1813 gradu.
781 1762 784 1767 ·

183 1816 216 1869 Ut
226 1818 314 1886 tetigit
325 1818 404 1867 niveae
420 1815 510 1866 secreta
521 1818 608 1867 cubilia
618 1820 756 1886 Nympha

215 1892 270 1958 lpsa
280 1891 318 1953 sui
334 1890 405 1940 llatsts
420 1906 451 1939 ne
465 1889 534 1941 sonet
548 1908 623 1950 aura,
642 1908 724 1945 cavet.

180 1959 210 2012 Et
223 1963 273 2029 jam
284 1963 389 2014 finitimi
404 1980 492 2029 corpus
507 1964 609 2015 librabat
618 1966 643 2015 in
657 1968 749 2027 herba,

213 2038 258 2088 llla
273 2050 360 2090 tamen
371 2038 440 2086 multi
455 2038 525 2100 plena
541 2037 634 2102 soporis
649 2053 710 2091 erat.
904 2060 959 2112 430

180 2107 301 2183 Gaudet:
317 2111 344 2161 dt
356 2144 365 2167 ,
383 2126 396 2159 a
408 2110 508 2175 pedibus
522 2111 600 2159 trailo
611 2113 751 2176 velamine,
767 2127 827 2167 vota

211 2182 251 2235 Ad
266 2184 314 2235 sua
325 2183 394 2231 felici
408 2193 516 2247 coeperat
526 2182 561 2231 ire
575 2183 625 2232 viai.

177 2254 239 2308 Ecce
253 2258 355 2309 rudens
366 2270 459 2312 rauco,
476 2254 551 2305 Sileni
565 2256 669 2316 vedios,
687 2257 774 2311 asellus

210 2328 404 2397 Intempestivos
418 2328 493 2378 edidit
508 2345 551 2379 ore
566 2328 648 2381 sonos.

175 2397 271 2455 Territa
283 2402 437 2470 consurgens
447 2403 471 2452 N
471 2403 560 2470 ymphe
570 2438 578 2461 ‚
598 2404 756 2471 manibusque
766 2406 876 2476 Priapum
902 2426 953 2476 435

133 2512 136 2519 ,
207 2476 322 2543 Rejicit,
343 2477 370 2526 &
383 2476 478 2543 fugiens
489 2476 597 2525 concitat
612 2493 684 2527 omne
697 2494 792 2530 nemus.

173 2546 206 2598 At
215 2550 310 2610 Deus,
329 2549 435 2600 obsceni
444 2548 542 2599 nimium
553 2566 652 2616 quoque
665 2563 735 2616 parte
748 2566 863 2618 paratus,

208 2623 339 2675 Omnibus
354 2622 385 2671 ad
395 2622 469 2673 Lunae
483 2623 571 2673 lumina
585 2623 644 2673 risus
659 2638 721 2675 erat.

170 2692 256 2745 Moite
268 2698 341 2749 dedit
352 2713 436 2763 poenas
447 2694 530 2745 audior
541 2697 653 2747 clamoris
664 2713 671 2746 :
684 2698 711 2748 bt
720 2698 777 2749 hinc
786 2700 819 2751 est

204 2768 415 2838 Hellespontiaco
429 2769 526 2819 vislima
539 2783 607 2835 grata
620 2771 689 2821 Deo.
898 2791 953 2838 440

167 2840 264 2893 lntadtae
282 2842 391 2895 fueratis
405 2858 483 2899 aves,
501 2842 585 2893 solatia
599 2844 681 2902 ruris,

202 2915 339 2967 Aliuetum
355 2916 442 2974 silvis,
459 2916 640 2982 innocuumque
654 2933 751 2985 genus3

166 2985 228 3053 Qua
242 2988 332 3041 facitis
351 2989 441 3047 nidos,
456 3006 508 3054 quae
523 2990 610 3055 plumis
625 3006 671 3039 ova
684 2991 795 3049 soteris,

199 3062 233 3113 Et
246 3062 320 3113 sacili
335 3060 421 3111 dulces
436 3062 506 3111 editis
521 3078 565 3112 ore
577 3063 676 3115 modos·

169 3131 213 3184 Sed
223 3136 286 3187 nihil
297 3134 345 3185 illa
356 3130 460 3198 juvant,
478 3135 531 3202 quia
542 3136 630 3203 linguae
640 3135 733 3185 erisnen
746 3134 840 3185 habetis
852 3168 860 3193 ‚
897 3151 950 3199 445

198 3209 286 3279 Dique
300 3218 397 3277 putant
411 3222 504 3261 mentes
517 3225 562 3261 sos
576 3209 673 3275 aperire
686 3208 748 3259 stus·
795 3278 814 3328 B
828 3280 843 3292 ..

827 3296 844 3346 ¹1
