2367 3942
261 414 547 484 Tursrrvnr
575 414 679 485 bru.
707 416 767 487 II.
821 438 893 515 195

180 536 212 586 Et
228 536 313 601 quibus
329 553 342 585 e
360 534 439 585 succis
455 534 527 583 abeat
540 532 571 581 de
588 548 692 599 corpore
708 534 793 596 livor,

218 608 331 674 impresso
347 606 402 657 fieri
418 607 460 672 qui
477 606 538 655 solet
553 622 618 663 ore,
637 606 720 656 docet.

180 680 295 748 Denique
310 682 340 730 ab
355 681 454 730 incauto
469 676 567 728 nimiim
581 679 644 745 petit
658 680 700 729 ille
716 680 821 742 marito,

215 754 248 804 Se
263 769 362 819 quoque
380 753 416 802 uti
432 751 531 809 servet3
548 764 679 818 peccetur
695 752 735 802 illa
749 755 839 809 minus.

180 827 231 877 Scit
247 827 288 877 cui
302 828 424 884 latretur,
443 823 498 876 crim
513 825 578 875 solus
592 826 730 876 obambulat
744 827 793 893 ipse
805 846 815 889 ;

218 898 271 949 Cur
285 900 364 949 toties
379 899 469 949 clausas
486 910 587 949 excreet
600 908 657 947 ante
673 898 751 950 fores.
776 928 778 931 ·
902 903 956 965 460

178 971 310 1038 Multaque
327 972 369 1021 dat
386 972 441 1022 talis
457 972 515 1021 furti
532 982 656 1038 praeceptr
667 987 676 1023 r
689 972 811 1040 docetque

214 1045 273 1109 Qui
288 1057 371 1110 nuptae
388 1044 482 1111 possint
495 1045 581 1095 fallere
597 1046 626 1094 ab
641 1056 694 1095 arte
710 1045 786 1097 viros.

177 1119 233 1169 Nec
249 1118 298 1168 fuir
314 1119 363 1169 hoc
378 1118 414 1167 illi
428 1117 528 1176 fraudi3
550 1118 689 1185 legiturque
704 1118 834 1180 Tibullus,

214 1191 247 1241 Et
263 1192 364 1257 placet,
386 1192 412 1242 ὅτ
427 1190 495 1257 jam,
512 1202 539 1240 te
555 1189 688 1257 Principe,
706 1204 780 1243 notus
796 1200 858 1245 erar.

176 1262 291 1313 Invenies
308 1265 394 1313 eadem
408 1264 490 1313 blandi
503 1276 626 1330 praeopta
642 1264 771 1330 Properti:
877 1300 881 1307 ·
901 1266 935 1329 4⁶
941 1282 952 1331 5

212 1335 340 1387 Distriuus
357 1336 454 1386 minimi
470 1352 517 1386 nec
531 1348 614 1387 tamen
630 1336 673 1387 ille
690 1338 749 1387 noti
766 1336 810 1389 est.

176 1407 222 1459 His
239 1425 287 1476 ego
303 1409 430 1469 successi,
450 1408 562 1476 quoniam
578 1409 712 1475 prestantia
728 1411 820 1461 candor

214 1482 320 1532 Nomina
335 1483 446 1533 vivorum
462 1479 612 1533 dissimulare
628 1480 709 1546 jubet.

176 1555 236 1605 Non
252 1555 340 1616 timui,
356 1556 453 1613 fateor,
470 1570 523 1612 ne,
540 1553 587 1620 qui
601 1565 640 1605 tot
652 1553 708 1604 iire
723 1552 828 1616 carine,
963 1612 966 1619 Δ

213 1628 356 1697 Naufraga,
373 1628 475 1679 servatis
489 1628 619 1696 omnibur,
638 1640 686 1677 una
701 1626 786 1688 foret,
900 1644 953 1695 470

117 1741 122 1755 .
176 1700 239 1751 Sunt
254 1702 306 1751 aliis
324 1700 439 1768 scripte,
457 1700 543 1768 quibus
559 1701 612 1751 alea
627 1698 737 1760 luditur,
757 1712 833 1754 artes,

212 1774 275 1824 Haec
292 1772 371 1825 estad
387 1774 481 1826 nostros
495 1790 545 1825 non
560 1776 617 1825 leve
634 1774 725 1825 crimen
740 1792 808 1827 avos.

157 1848 161 1857 '
176 1846 244 1912 Quid
260 1849 357 1899 valeant
374 1848 437 1907 tali3
458 1864 508 1915 quo
524 1848 603 1913 possis
619 1848 721 1913 plurima
735 1846 800 1915 judu

93 1924 96 1927 ’
213 1921 336 1988 Pingere,
358 1920 485 1972 damnosos
503 1920 635 1989 effugirsve
652 1936 756 1971 canen·

174 1992 276 2045 'reffero
290 2005 354 2061 quot
367 2009 482 2043 numeros
494 1994 582 2043 habeat
598 2010 605 2043 τ
621 1992 722 2045 distante
738 2004 847 2053 vocato,
897 2008 931 2059 47
938 2010 949 2057 5

211 2066 319 2135 Mittere
336 2081 386 2131 quo
402 2065 509 2123 deceat,
528 2081 576 2131 quo
591 2066 647 2116 dare
663 2065 726 2116 misia
742 2066 827 2120 modo.

175 2140 294 2190 Discolor
309 2148 339 2188 ut
353 2136 421 2187 rofio
434 2136 549 2206 grassetur
563 2138 638 2189 limite
654 2138 742 2198 miles,

213 2211 277 2263 Crini
292 2210 388 2263 medius
404 2212 502 2279 gemino
516 2212 622 2263 calculus
639 2204 706 2262 ioue
723 2211 798 2278 perit.

175 2286 214 2337 Ur
229 2302 299 2353 mage
315 2285 381 2336 velle
397 2280 463 2351 sequi
478 2284 555 2344 sciat,
576 2286 603 2335 ἃ
618 2300 735 2337 revocare
749 2285 854 2350 priorem
868 2302 877 2345 ς

212 2360 252 2408 Ne
269 2356 325 2427 tuti
342 2357 438 2425 fugiens
453 2356 607 2409 incomitntus
624 2370 674 2409 eat.
897 2356 952 2421 480

174 2430 253 2482 Parva
269 2432 338 2482 sedet
355 2430 431 2481 ternis
444 2428 552 2481 instrnua
566 2432 656 2481 tabella
673 2426 760 2497 lrpiiiis
773 2462 787 2491 ,·

91 2497 95 2507 ’
212 2505 243 2555 ln
260 2521 306 2570 qua
321 2503 403 2553 vicisse
420 2503 473 2563 est,
491 2502 637 2555 continuaffe
653 2504 718 2555 suos.

173 2575 277 2643 Quique
288 2576 328 2627 alii
338 2576 420 2635 lusit,
433 2578 586 2644 nequeenim
597 2592 661 2626 nunc
671 2574 800 2642 persequar
811 2590 894 2628 ornnes
905 2608 913 2633 ,

212 2648 340 2709 Perdere,
359 2666 411 2700 rern
428 2666 526 2709 caram,
544 2661 655 2713 tempora
669 2648 747 2697 nostra
763 2649 851 2700 solent.

172 2723 243 2773 Ecce
260 2721 325 2772 canit
338 2722 428 2773 formas
443 2723 503 2773 alius
518 2721 641 2788 juliusque
656 2721 777 2788 pilarum:
798 2752 799 2759 κ
894 2716 946 2781 485

212 2796 263 2845 Hic
278 2791 355 2845 artem
368 2796 440 2846 nandi
454 2796 583 2862 precipit,
603 2795 644 2844 ille
659 2794 750 2845 trochi.

172 2867 321 2934 Composita
337 2868 372 2917 est
387 2869 439 2919 aliis
454 2868 552 2919 fucandi
569 2884 627 2918 eura
644 2867 754 2925 colorisr

212 2942 262 2991 Hic
278 2941 357 3006 epulis
371 2942 440 3009 leges
455 2942 609 3007 hospitioque
625 2938 701 2991 dedit.

172 3015 250 3067 Alter
259 3014 357 3064 humum
369 3046 378 3070 ‚
393 3014 424 3063 de
435 3032 480 3080 qua
492 3012 613 3081 fingantur
622 3012 729 3077 pocula,
744 3006 876 3060 monstrat:

212 3086 346 3154 Quaeque,
366 3087 457 3148 docet,
475 3086 565 3155 liquido
581 3084 640 3137 rena
655 3084 686 3136 sit
700 3094 756 3149 apta
770 3098 848 3201 mesi!
875 3118 879 3123 .
896 3093 949 3145 490

349 3174 352 3181 .
825 3169 843 3219 u
