2367 3942
280 484 357 536 200
390 468 431 531 P.
459 464 651 531 Orrnrr
676 462 904 535 anonrs

280 582 341 633 Haec
357 581 400 631 ubi
413 580 462 631 turn
476 579 558 649 lingui
571 580 653 631 furtim
667 579 787 631 titubante
802 582 917 642 locutus,

318 654 369 720 Qui
382 654 440 704 mihi
451 653 613 713 monstraret,
629 653 672 703 vix
685 652 731 703 fuit
745 670 825 713 unus,
841 656 898 706 iter.

279 726 315 779 Di
331 727 377 777 tibi
392 728 470 786 dent,
486 727 566 777 nostro
581 726 647 792 quod
663 742 713 775 non
727 727 833 777 tribuite
848 729 961 793 parenti,

316 800 429 851 Molliter
444 800 469 850 in
484 798 561 865 patrii
576 800 659 850 vivere
673 797 738 864 polle
756 798 806 849 tul.

237 887 253 923 2
257 888 270 937 5
282 872 340 924 Duc
351 888 521 941 age,namque
531 872 632 939 sequor:
641 870 748 937 quamvis
758 862 870 937 terriuue
881 870 991 939 marique
1035 886 1041 897 ·

316 946 463 1014 Longinquo
477 945 582 995 referant
595 942 665 995 lassus
681 944 711 993 ab
724 945 783 995 orbe
800 946 900 1009 pedem.

282 1018 365 1071 Paruit
374 1036 384 1077 ς
397 1019 425 1070 &
434 1020 525 1070 ducent
536 1054 544 1078 ,
554 1018 616 1069 Haec
626 1018 680 1068 sunt
690 1016 709 1067 F
711 1032 753 1067 nra
765 1016 863 1067 Caesaris
874 1050 883 1077 ‚
897 1018 990 1085 inquitr

317 1092 379 1142 Haec
395 1091 429 1142 eil
444 1092 541 1162 alacris
555 1109 609 1158 quae
622 1090 661 1140 via
675 1106 765 1140 nornen
779 1091 862 1141 habet.

280 1164 329 1222 illc
343 1165 414 1215 iocur
427 1165 461 1215 est
470 1163 569 1223 Veh,
589 1164 631 1231 qui
642 1162 739 1213 Pallada
754 1162 838 1221 servat
849 1162 875 1214 δι
889 1163 989 1231 ignerat

238 1251 271 1301 30
318 1236 368 1289 llic
384 1237 430 1289 fult
445 1236 538 1304 antiqui
549 1237 618 1305 regia
632 1253 705 1303 parva
718 1237 816 1287 Numa.

281 1310 341 1361 inde
354 1323 442 1377 petens
456 1311 583 1369 dextram,
597 1308 670 1361 Porta
684 1308 735 1367 est,
752 1308 803 1367 ait,
820 1306 861 1358 ista
870 1306 965 1359 Palati:

317 1383 366 1433 llic
376 1383 459 1434 Stator
470 1398 478 1434 r
493 1383 542 1433 hoe
550 1380 655 1451 prirntinr
663 1382 760 1433 condita
771 1380 848 1433 Roma
858 1382 915 1431 loco
928 1381 971 1431 erl.

281 1455 396 1523 Singula,
412 1446 468 1506 ¹‹lunr
483 1456 577 1514 miror,
594 1456 669 1506 viden
684 1455 832 1523 fulgentibus
847 1455 917 1503 armis

317 1528 469 1595 Conspicuus
484 1528 584 1595 postes,
599 1529 711 1595 relinque
728 1528 798 1595 digna
811 1526 880 1577 Deo.

239 1614 251 1665 3
258 1617 270 1664 5
282 1600 322 1651 Αιι
331 1600 400 1653 lovis
409 1603 471 1660 hae,
479 1601 631 1661 dixl,dnmus
641 1598 692 1651 est?
703 1600 768 1666 quod
776 1611 804 1649 ut
812 1598 859 1650 elie
868 1611 990 1665 putarem,

316 1673 449 1742 Augurium
466 1674 541 1724 ruenti
558 1691 650 1739 querna
667 1689 757 1723 corona
773 1673 855 1723 dabar.
901 1692 903 1701 ι

281 1743 360 1809 Cujus
369 1759 397 1796 ut
405 1747 490 1812 accepi
500 1746 623 1795 dominum
633 1778 641 1804 ,
656 1746 715 1795 Non
725 1745 845 1803 fallimur,
857 1744 953 1810 inquam
963 1760 973 1795 a
1082 1811 1088 1819 Ι

315 1817 348 1866 Ει
360 1818 439 1884 magni
453 1834 537 1868 verum
549 1816 583 1866 est
597 1818 658 1867 hanc
674 1816 741 1868 lovis
757 1815 804 1867 else
819 1817 929 1868 domurn.

280 1888 329 1939 Cur
343 1901 424 1939 tamen
439 1888 549 1957 appositi
562 1889 658 1939 velatur
671 1887 743 1954 janua
757 1885 849 1939 lauru?

235 1980 269 2024 40
317 1962 400 2031 cingit
417 1964 443 2014 δι
456 1960 565 2031 augustas
579 1962 652 2013 arhor
669 1977 744 2028 opaca
760 1959 850 2013 foret?

278 2036 343 2086 Nurn
352 2036 408 2103 quia
417 2047 551 2104 perpetuos
556 2034 648 2087 meruit
658 2035 742 2087 domus
752 2051 798 2085 una
808 2032 942 2101 triumphos
954 2032 967 2084 ἓ

301 2109 354 2159 'An
371 2111 426 2178 quia
443 2109 567 2161 Leucadio
581 2109 674 2177 semper
690 2121 768 2157 amata
783 2106 864 2159 Dee?

278 2177 363 2247 Iplrne
374 2184 441 2250 quod
451 2182 508 2233 fena
519 2182 552 2232 eli
563 2179 575 2232 i
592 2199 625 2232 an
634 2182 700 2248 quod
711 2181 769 2229 lacit
781 2181 860 2233 omnia
870 2178 928 2231 festa
940 2178 952 2228 i

315 2254 396 2318 Quam
409 2257 494 2307 tribuit
507 2254 599 2313 terris,
616 2252 684 2305 Pacis
699 2269 729 2302 an
742 2251 783 2301 issa
799 2265 857 2303 nott
871 2252 905 2309 ‚en
916 2251 933 2299 ἓ»

235 2340 268 2386 45
282 2326 366 2393 thue
381 2328 445 2379 viret
459 2327 552 2393 semper
568 2327 667 2384 laurus,
685 2342 731 2375 nec
746 2322 833 2375 fronde
851 2324 942 2375 caduci

317 2399 449 2466 Carpitur3
466 2414 582 2449 aeternum
595 2399 630 2449 sic
646 2399 720 2449 habet
734 2398 775 2447 illa
792 2395 889 2449 decus?

223 2489 226 2493 ·
279 2469 356 2520 Causa
371 2471 526 2537 superposita,
543 2470 631 2535 scripto
646 2470 731 2521 testata
746 2486 844 2521 coronae

314 2543 428 2595 Serratos
443 2542 510 2593 cives
525 2541 618 2593 indicat
631 2542 703 2609 hujus
719 2560 777 2610 ope.

278 2614 366 2680 Adjice
381 2615 479 2666 serratis
496 2631 590 2674 nnurn,
604 2615 677 2667 Pater
690 2617 801 2682 optime,
817 2613 914 2674 citent,

222 2704 270 2751 ¹50
318 2687 368 2752 Qui
383 2689 469 2753 procul
484 2700 596 2739 extremo
610 2690 690 2756 pulsus
706 2689 730 2737 in
745 2689 803 2739 orbe
819 2685 894 2749 jacet.

278 2761 307 2811 ln
322 2776 370 2826 quo
384 2776 528 2827 paenarum,
548 2778 607 2827 quas
623 2762 646 2811 le
662 2758 768 2810 meruisse
784 2758 894 2817 fatetur,

314 2834 372 2883 Non
387 2833 479 2884 facinus
496 2834 608 2891 causan,
628 2833 668 2883 sed
686 2832 739 2881 suus
755 2847 823 2881 error
837 2833 920 2883 habet.

252 2906 296 2956 Me
305 2905 574 2973 miserumivereorque
582 2908 833 2971 locum,venerorque
842 2916 986 2971 potentem,

313 2978 345 3028 Et
362 2980 468 3045 quatitur
482 2979 578 3045 trepido
595 2979 665 3027 litera
682 2976 759 3029 nostra
773 2989 849 3027 meru.

236 3064 266 3111 55
280 3050 374 3117 Aspicis
390 3051 503 3118 exsangui
519 3051 625 3101 chartam
641 3051 732 3117 pallere
751 3052 835 3101 colore
848 3046 861 3101 i

314 3124 411 3191 Aspicis
428 3125 536 3177 alternos
552 3122 699 3179 intremuisse
715 3120 812 3191 pedeti
