2367 3942
237 443 383 509 Enrsr.
409 453 477 505 ax
502 399 712 511 Pourolss
736 442 791 509 II.
820 460 896 535 297

180 557 251 609 Nunc
268 558 314 609 tibi
331 558 359 607 δι
376 556 468 622 eloquii
485 556 550 607 nitor
565 556 608 607 ille
623 556 764 608 domesticus
780 558 864 619 adsit,

218 632 277 694 Quo
294 643 395 696 poteras
408 630 508 695 trepidis
523 630 589 680 utilis
603 628 651 681 effe
667 630 724 680 reis.

182 702 254 757 Vivit
269 704 338 753 enim
355 703 380 751 in
396 704 466 753 vobis
481 702 577 753 facundi
590 702 814 769 linqua'parentis3

218 776 250 825 Et
265 792 307 825 res
323 774 440 825 heredem
454 775 546 841 reperit
558 776 599 825 illa
614 775 689 826 suum.

181 846 254 901 Hanc
272 864 321 915 ego
335 865 404 906 non,
422 861 449 898 ut
464 864 503 902 me
518 847 651 897 defendere
663 858 763 909 tenter.
778 849 875 903 adoro:
906 866 938 915 55

217 923 279 971 Non
295 920 330 969 est
347 921 454 971 confessi
470 920 539 971 causa
555 919 643 971 tuenda
659 922 704 971 rei.
767 934 770 939 ·

181 994 248 1046 Num
266 1006 348 1043 tamen
365 994 464 1043 excuses
478 994 568 1045 erroris
583 993 685 1060 imagine
702 992 812 1055 tatium,

219 1066 261 1117 An
278 1067 338 1116 nihil
355 1065 467 1132 expediat
482 1068 530 1117 tale
547 1082 646 1117 movere
657 1080 672 1125 ‚·
682 1066 748 1116 vide.

179 1140 302 1196 Vulneris
314 1135 339 1189 id
352 1156 428 1206 genus
439 1138 491 1197 est,
509 1137 640 1205 quodcum
654 1140 758 1190 sanabile
769 1156 819 1191 non
833 1140 865 1192 sit
878 1172 887 1200 ‚

220 1214 281 1263 Non
297 1212 442 1267 conuellari
458 1212 533 1263 tutius
550 1212 597 1267 elle
613 1226 705 1278 putem.
905 1214 939 1266 60

182 1285 300 1353 Lingua,
318 1286 366 1335 sile
377 1301 384 1337 t
396 1302 446 1335 non
463 1284 496 1335 est
513 1286 575 1336 ultro
587 1285 706 1336 narrabile
721 1285 860 1351 quidquam.
891 1340 896 1346 ‚

221 1358 292 1409 Poffe
309 1359 383 1411 velim
398 1357 493 1409 cineres
510 1359 614 1409 obruere
630 1358 679 1423 ipse
695 1374 776 1409 meos.
834 1390 838 1397 «

178 1432 225 1488 Sic
242 1432 335 1500 igitur,
352 1431 420 1498 qussi
436 1446 473 1480 me
488 1431 566 1483 nullus
583 1430 709 1495 deceperit
725 1446 813 1489 error,

220 1506 307 1557 Verba
324 1504 399 1562 lace,
416 1515 443 1553 ut
458 1504 527 1561 vita,
544 1520 615 1569 quam
630 1502 697 1552 dedit
712 1503 808 1567 ipse,s
807 1522 870 1555 ruar.

185 1576 298 1643 Crimque
313 1576 410 1627 serenus
425 1576 487 1635 erit,
501 1578 632 1642 vultusque
648 1575 765 1625 remiserit
780 1577 855 1636 illos,
905 1575 937 1640 65

223 1650 276 1715 Qui
292 1650 372 1699 secum
385 1663 462 1699 terras
477 1649 652 1714 imperiumque
667 1662 788 1707 movent3

186 1722 309 1795 Exiguam
322 1738 353 1785 ne
370 1738 409 1773 me
425 1722 529 1787 predam
544 1722 607 1773 sinat
622 1720 669 1772 effe
686 1720 824 1780 Getarum,
889 1749 895 1781 2

222 1797 325 1861 Detque
341 1796 417 1845 solum
431 1794 520 1847 misetae
535 1796 614 1853 mite,
632 1812 752 1861 precare,
770 1796 842 1863 fugae

184 1868 297 1933 Tempus
310 1868 376 1917 adest
390 1879 470 1952 aptum
483 1869 616 1934 precibus.
626 1870 692 1918 valer
705 1869 774 1934 ipse,
791 1870 905 1935 videtque

224 1940 294 2005 Quas
311 1941 406 1991 ferit'
383 1957 465 1999 vires,
484 1942 577 1998 Roma.
596 1943 679 1992 valere
696 1953 760 1991 tuas.
906 1956 942 2004 70

185 2014 318 2065 Incolumis
336 2012 424 2079 conjux
440 2014 481 2064 sua
496 2013 629 2079 pulvinaria
645 2014 745 2063 servat·

224 2086 359 2139 Promovet
374 2086 505 2137 Ausonium
521 2084 607 2135 filius
600 2086 735 2150 imperium.

187 2158 302 2213 Praeterit
315 2159 364 2225 ipse
382 2160 436 2225 suos
451 2160 530 2209 animo
547 2157 708 2208 Germanicus
721 2173 817 2215 annos,
893 2189 896 2196 ι

226 2234 283 2282 Nee
298 2231 369 2299 vigor
383 2232 416 2281 est
432 2232 508 2293 Drusi
524 2232 651 2283 nobilitate
668 2231 756 2280 minor

188 2304 262 2357 Adde
273 2321 368 2365 nurus.
384 2316 519 2371 neptesque
534 2306 607 2371 pias,
622 2318 740 2369 natosque
755 2314 892 2369 nepotum,
910 2319 926 2367 7
930 2317 943 2367 ς

227 2378 368 2444 ceteraque
383 2376 496 2445 Augustae
512 2380 619 2427 membra
634 2378 717 2427 valere
732 2377 836 2426 dumbs:
967 2438 970 2443 Ι

189 2450 262 2507 Adde
279 2451 439 2516 triumphatos
455 2451 530 2501 modb
546 2450 668 2509 Poeonas,
682 2449 744 2501 adde
762 2450 840 2517 quieti
900 2506 904 2511 ,

228 2524 329 2573 Subdita
344 2536 465 2575 montane
481 2524 577 2575 brachia
592 2524 730 2575 Delmatiae.

190 2598 248 2648 Nec
264 2596 391 2664 dedignata
407 2595 458 2654 est,
475 2596 592 2663 abjetus„
610 2598 709 2665 illyris,
723 2596 792 2647 armis
806 2630 817 2656 ,
835 2624 838 2627 ·
933 2608 938 2633 ¹

229 2668 365 2719 Caesareum
382 2669 472 2719 famulo
488 2669 581 2721 vertice
599 2670 663 2721 ferre
680 2670 777 2734 pedem.
914 2657 951 2720 do

191 2742 247 2809 lpse
264 2742 335 2807 super
352 2759 466 2800 currum,
485 2742 580 2807 placido
598 2742 728 2809 lpedlabilis
746 2757 810 2801 ore,

228 2816 354 2882 Tempore
369 2815 475 2865 Puoebet
488 2816 582 2882 virgine
600 2832 660 2867 nexa
675 2816 740 2865 tulit.
808 2836 812 2841 ·
836 2813 840 2821 ’

191 2886 276 2953 Quem
293 2889 332 2953 pia
348 2888 476 2942 vobiscum
489 2891 572 2955 proles
588 2890 851 2947 comitaviteuutem,
892 2946 896 2953 Ι
933 2933 938 2942 ,

228 2962 313 3028 Digna
329 2974 430 3027 parente
447 2960 511 3017 luo,
529 2962 712 3025 nominibusque
727 2959 797 3009 datis.

192 3034 318 3089 Fratribus
329 3034 438 3085 assimilis
449 3066 457 3091 ‚
475 3050 537 3099 quos
546 3036 654 3099 proxima
665 3034 756 3097 templa
764 3044 878 3086 tenentes
889 3066 899 3092 ,
918 3031 950 3096 85

177 3136 180 3145 ·
198 3107 213 3119 ”
231 3106 314 3159 Divus
332 3108 361 3157 ab
377 3106 473 3165 excelsa
487 3106 565 3165 Julius
582 3108 636 3161 ade
652 3106 730 3169 videt.
835 3150 862 3173 ,,

812 3178 866 3229 lit
