2367 3942
252 418 552 488 ansrrunr
583 420 692 489 ΜΒ.
718 424 777 492 ΙΙ.
821 425 893 515 189
936 504 941 513 ,

175 537 211 588 At
228 539 270 597 si,
288 539 357 605 quod
374 539 488 597 mallem,
506 556 596 587 vacuus
615 537 711 588 fortaffe
728 538 826 601 fuisses.

212 613 316 661 Nullum
335 609 428 678 legiffes
444 611 534 661 crimen
546 612 570 661 in
587 610 649 661 Arte
667 611 729 661 mei.
900 630 952 677 240

176 685 221 735 illa
237 684 336 751 quidem
353 684 434 734 fateor
448 684 533 734 frontis
550 701 600 734 non
615 683 663 734 eise
680 684 769 736 severae

213 757 330 823 Scripta,
349 774 396 806 nec
410 774 424 805 a
438 769 505 807 tanto
523 756 634 823 Principe
650 758 721 825 digna
738 759 785 826 legi
797 775 807 819 3

177 829 236 879 Nou
251 842 334 880 tamen
351 830 444 879 idcirco
460 831 542 897 legum
557 831 678 880 contraria
691 830 762 896 jussis

213 903 276 952 Sunt
290 920 340 966 ea,
357 903 476 952 Romanas
491 904 652 969 eruditmtque
669 920 751 955 nurus.

178 976 269 1034 Neve,
287 976 373 1041 quibus
388 975 504 1035 scribam,
522 978 600 1042 possis
618 978 746 1035 dubitare,
766 978 861 1030 libellus
898 993 949 1042 245

214 1048 341 1111 Quattuor
356 1051 402 1100 hos
419 1049 502 1099 versus
518 1066 533 1099 e
547 1050 624 1100 tribus
638 1066 698 1099 unns
713 1050 796 1101 habet.

178 1120 232 1170 Este
248 1123 355 1186 procul,
371 1121 438 1171 vittae
451 1114 558 1181 tenues,
575 1122 670 1190 insigne
687 1124 805 1189 pudoris;

213 1193 325 1262 Qnaeque
342 1195 404 1262 tegis
420 1195 513 1246 medios
529 1194 607 1246 instita
623 1198 695 1263 longa
712 1196 798 1262 pedes.

176 1266 237 1326 Nil,
256 1268 302 1318 nisi
320 1268 469 1335 legitimum,
488 1265 646 1335 concessaque
663 1269 745 1329 furta,
763 1286 893 1322 canemus:

212 1341 288 1405 Inque
306 1357 362 1390 meo
377 1343 467 1391 nullum
482 1343 588 1391 carmine
604 1343 694 1393 crimen
711 1344 768 1392 erit.
897 1358 949 1407 250

176 1414 269 1479 Ecquid
284 1415 315 1463 ab
333 1415 377 1464 hac
393 1431 479 1465 omnes
495 1414 571 1483 rigide
585 1414 744 1467 submovimus
760 1414 840 1476 Arte,

213 1486 282 1558 Quas
298 1486 356 1536 stola
372 1487 481 1554 contingi
497 1488 606 1553 vittaque
623 1487 699 1537 sumta
715 1487 805 1537 vetat?

176 1558 210 1609 At
226 1572 335 1611 matrona
349 1560 429 1626 potest
444 1560 529 1609 alienis
545 1560 637 1609 artibus
653 1560 708 1618 uti,

213 1632 320 1700 Quoque
339 1634 441 1693 trahat,
460 1633 568 1699 quamvis
584 1648 635 1683 non
651 1632 785 1692 doceatur,
804 1632 885 1682 habet.

176 1705 217 1755 Nil
233 1706 308 1773 igitur
323 1720 433 1757 matrona
449 1707 534 1773 legat,
554 1706 609 1773 quia
626 1706 732 1755 carmine
748 1707 778 1755 ab
793 1708 857 1756 omni
896 1721 945 1769 255

137 1808 145 1821 ·
210 1778 251 1828 Ad
263 1778 452 1845 delinquendum
467 1779 561 1829 duffior
576 1778 624 1831 eii'e
641 1778 727 1845 potest.
942 1842 947 1852 Ι

175 1848 355 1917 Quodcumque
371 1851 498 1919 attigerit,
517 1851 538 1902 si
555 1870 601 1919 qua
617 1850 650 1902 est
667 1851 766 1903 studiosa
783 1851 886 1910 sinistri,

209 1923 251 1972 Ad
266 1924 351 1974 vitium
365 1941 445 1976 mores
461 1925 560 1975 instruet
573 1926 630 1975 inde
648 1925 710 1976 suos.

173 1995 288 2050 Sumserit
303 1996 431 2055 Annales,
445 1995 524 2060 (nihii
536 1996 570 2046 est
584 1996 695 2049 hirsutius
710 1997 756 2048 illis
768 2031 775 2057 ,
788 1998 799 2065 )

210 2070 282 2118 fana
299 2069 332 2117 sit
350 2069 414 2116 unde
431 2085 517 2132 parens
532 2069 577 2119 llia
592 2087 679 2137 nempe
693 2072 767 2139 leget.
895 2068 945 2119 260

95 2140 100 2148 '
171 2140 310 2199 sumserit,
330 2138 466 2210 AEneadnm
478 2140 582 2208 genitrix
599 2143 724 2207 ubiprima
737 2161 745 2201 3
764 2144 891 2210 requiret,

97 2244 107 2261 0
209 2213 347 2264 AEneadum
361 2214 466 2281 genitrix
481 2214 544 2265 unde
560 2216 592 2265 sit
608 2217 668 2265 alma
681 2216 775 2265 Vernis.

173 2285 308 2353 Prosequar
323 2287 443 2345 inferius,
458 2284 532 2337 modi>
547 2288 567 2336 si
584 2288 643 2339 licet
657 2290 740 2339 ordine
757 2288 835 2347 ferri,

211 2359 278 2411 Posse
292 2376 385 2410 nocere
401 2360 485 2411 animis
501 2362 615 2423 carminis,
625 2378 697 2412 omne
715 2378 799 2429 genus.

173 2433 231 2482 Non
245 2447 328 2486 tamen
344 2432 438 2483 idcirco
453 2432 543 2484 crimen
557 2435 621 2483 liber
634 2434 712 2485 omnis
727 2434 845 2483 habehit:
892 2432 941 2495 265

210 2506 252 2554 Nil
267 2505 382 2571 prodest,
401 2507 467 2573 quod
482 2524 532 2557 non
548 2508 638 2558 laedere
652 2508 729 2575 possit
743 2507 816 2558 idem.

172 2576 232 2644 igne
247 2579 303 2645 qnid
320 2579 401 2630 utilius
414 2578 425 2627 i
436 2580 467 2629 si
482 2580 535 2647 quis
552 2592 634 2629 tamen
650 2596 721 2631 urere
738 2580 800 2629 tedia

209 2650 361 2717 Comparat,
379 2652 482 2703 audaces
498 2651 591 2701 instruit
607 2653 663 2719 igne
680 2670 771 2703 manus.

172 2724 251 2788 Eripit
266 2726 406 2785 interdum,
423 2722 498 2775 modd
516 2725 556 2773 dat
570 2725 689 2775 medicina
705 2724 826 2784 salntem}

208 2796 319 2865 Quaeque
330 2797 413 2863 juvans
421 2798 647 2866 monstrat‚qnaeque
657 2800 688 2848 sit
697 2799 771 2848 herba
780 2812 881 2848 nocens.
892 2809 953 2861 270*

118 2872 122 2877 ’
171 2868 204 2918 Et
220 2874 303 2927 iutro,
322 2872 348 2920 δι
362 2885 445 2922 cautus
458 2872 614 2939 praecingitur
629 2872 685 2922 ense
699 2872 798 2929 viator,

210 2944 255 2991 ilie
272 2942 314 2992 sed
329 2944 445 3003 insidias,
465 2945 505 2994 hic
521 2946 566 2995 sibi
580 2958 661 3012 portat
676 2961 756 3009 opem.

172 3015 304 3074 Discitur,
322 3016 438 3067 innocuas
457 3030 485 3067 ut
500 3030 575 3084 agat,
594 3018 722 3076 facundia,
741 3013 842 3074 causas,

207 3088 321 3158 Protegit
336 3090 388 3142 haec
406 3089 487 3143 sontes
504 3090 684 3159 inmeritosque
701 3090 798 3157 premit.
