2367 3942
226 436 574 541 'Furorum
601 439 712 509 Lrn.
739 440 832 513 111.
882 443 929 538 63

214 562 309 619 Martia
324 573 363 611 ter
377 560 447 611 lenos
463 560 547 627 proles
560 558 703 610 adoleverat
718 576 817 619 annos,

256 635 287 685 Et
302 634 397 685 suberat
411 634 480 684 flavae
493 632 541 698 jam
557 649 621 683 nova
635 633 708 701 barba
724 649 820 691 comae,
941 632 977 685 6ο

217 708 340 761 Omnibus
356 708 488 775 agricolis,
503 718 715 771 armentorumque
727 708 862 775 magistris,

257 781 338 831 lliadae
353 780 439 831 fratres
455 780 507 843 jura
523 780 600 845 petita
617 780 716 831 dabant.

217 849 293 919 Soepe
310 854 406 903 domurn
420 852 520 903 veniunt
532 853 674 920 predonum
687 852 800 920 sanguine
816 853 886 913 leti,

258 927 291 977 Et
303 927 419 993 redigunt
434 929 499 977 aiios
513 929 538 976 in
554 928 596 976 sua
611 944 666 975 rura
681 928 768 977 boves.

217 998 258 1051 Ut
276 1016 353 1067 genus
366 1000 511 1057 audierunt,
530 1000 623 1050 animos
637 1013 707 1065 pater
720 999 816 1067 agnitus
830 1009 924 1068 auget,
945 1003 961 1048 6
962 1011 976 1062 5

257 1072 294 1127 Et
307 1074 382 1139 pudet
397 1074 421 1123 in
439 1074 521 1139 paucis
538 1090 629 1123 nomen
644 1074 735 1122 habere
751 1076 832 1124 casita

218 1143 389 1213 Romuleoque
407 1147 472 1197 eadit
489 1146 605 1214 trajectus
620 1146 731 1196 Amulius
747 1146 824 1206 ense,

258 1218 390 1287 Regnaque
408 1221 522 1287 longeio
539 1219 696 1270 rellituuntur
711 1236 768 1268 aro.

219 1290 312 1343 Moenia
329 1294 488 1343 conduntur:
501 1310 574 1357 quac,
590 1293 699 1359 quamvis
713 1308 786 1357 parva
801 1292 921 1350 fuerunt,

258 1366 315 1415 Non
328 1379 410 1416 tamen
425 1367 534 1431 expediit
547 1364 690 1416 transiluiffe
706 1364 795 1415 Remo.
944 1378 980 1427 7ο

219 1435 235 1491 J
237 1454 274 1487 am
286 1472 294 1494 ,
309 1438 383 1489 modo
394 1442 441 1505 qua
452 1438 549 1488 fuerant
559 1439 626 1487 sina
637 1470 646 1494 ,
662 1442 828 1503 pecorumque
838 1434 961 1496 receffus,

258 1512 322 1561 Urbs
338 1523 392 1561 erat
404 1528 412 1561 t
425 1523 524 1561 aeternae
540 1509 595 1559 cuirn
610 1522 681 1574 pater
697 1510 771 1559 Urbis
785 1511 840 1566 ait,

218 1584 320 1635 Arbiter
337 1600 480 1637 armorum,
500 1582 531 1631 de
547 1580 616 1646 cujus
630 1582 745 1648 sanguine
759 1594 830 1631 natus

258 1656 377 1715 Credor;
393 1657 419 1706 &
435 1668 462 1705 ut
476 1655 562 1705 credar
576 1656 677 1722 pignora
694 1666 761 1705 certa
776 1655 859 1714 debus

219 1728 244 1781 A
259 1742 286 1779 te
302 1728 447 1795 principium
463 1728 574 1779 Romano
588 1728 698 1779 ducimus
714 1744 798 1788 annos
943 1741 979 1792 75

259 1800 350 1853 Primus
366 1803 398 1852 de
413 1802 492 1869 patrio
501 1804 604 1853 nomine
617 1801 708 1852 mensis
722 1814 772 1851 eat.

221 1874 284 1929 Vox
295 1889 351 1927 rata
366 1876 416 1933 sits
434 1878 560 1943 patrioque
575 1888 650 1925 vocat
664 1876 697 1925 de
711 1876 809 1925 nomine
823 1875 938 1929 mensem·

251 1947 357 2000 Dicitur
371 1950 424 1997 haec
437 1950 517 2015 pietas
528 1962 597 2016 grata
610 1947 678 1998 iuiffe
689 1948 758 1999 Deoa

221 2018 256 2071 Et
270 2032 352 2071 tamen
365 2034 422 2070 ante
438 2037 524 2072 omnes
537 2020 645 2071 Martem
659 2022 760 2070 coluere
774 2020 887 2085 priorest
928 2044 931 2049 ·

258 2092 316 2143 Hoc
332 2094 441 2141 dederat.
451 2092 532 2141 studiis
548 2094 635 2141 bellica
648 2094 720 2142 turba
734 2094 790 2143 suis.
928 2091 981 2144 ·8o

223 2163 322 2217 Pallada
339 2164 503 2231 Cecropidae,
520 2164 618 2214 Minoia
636 2163 711 2214 Creta
725 2164 865 2225 Dianam,
903 2177 907 2222 ζ

258 2239 398 2290 Vulcanum
411 2240 485 2289 tellus
501 2237 654 2307 Hypsipylea
668 2239 749 2296 colit,

222 2308 345 2363 Junonem
360 2312 468 2377 Sparte,
487 2310 698 2378 Pelopeiadesque
712 2312 850 2379 Mycenes

218 2384 223 2390 ”
261 2382 399 2450 Pinigerum
416 2384 491 2434 Fauni
505 2383 619 2435 Menalis
635 2400 679 2435 ora
691 2398 777 2451 caput,

223 2454 294 2508 Mars
303 2458 375 2508 Latio
393 2458 547 2507 venerandus
559 2470 633 2515 erat,
649 2459 707 2525 quia
721 2458 836 2525 praesidet
849 2456 930 2513 armis.
950 2454 983 2520 85

261 2530 334 2579 Arma
349 2531 407 2582 leret
421 2531 488 2599 genti
502 2545 603 2597 remque
618 2533 744 2598 decusque
758 2531 869 2583 dabaniv
898 2549 910 2569 ·

225 2601 304 2669 Quod
318 2605 338 2653 si
352 2605 417 2655 forte
432 2620 521 2663 vacas,
537 2604 682 2673 peregrinos
697 2604 907 2671 inspioeffiallnsx

262 2677 356 2729 Mensis
371 2678 395 2727 in
411 2678 449 2728 bis
462 2678 534 2729 etiam
550 2676 748 2728 nomine'Mar‘tis
758 2677 819 2728 erit.

224 2746 327 2800 Tertius
343 2752 442 2803 Albanis
454 2762 466 2809 ,¹
476 2754 577 2818 quintus
593 2751 639 2801 fuit
653 2752 696 2801 ille
712 2750 809 2801 Faliscis
821 2768 830 2808 3
898 2758 904 2778 ‘

263 2823 355 2874 Sextus
364 2826 433 2890 ,apud
447 2826 569 2890 populos,
587 2824 695 2875 llernica
710 2839 796 2883 terra,
812 2837 880 2875 tuos.
951 2834 987 2887 9ο

225 2894 295 2947 inter
313 2895 441 2956 Aricinos,
459 2899 599 2963 Albanaque
612 2912 724 2963 tempora
738 2897 847 2948 constant

263 2969 385 3035 Fallaque
399 2970 520 3039 Telegoni
535 2972 621 3021 moenia
637 2972 701 3021 celsa
714 2984 798 3020 manu.

227 3040 350 3106 Quintum
364 3041 514 3101 Laurentes,
531 3046 567 3094 bis
582 3046 691 3109 quinncm
704 3040 851 3107 AEquicolns
865 3039 950 3106 asper,

264 3114 290 3166 A
302 3115 380 3170 uibus
392 3115 460 3167 bunc
473 3119 574 3183 primum
587 3119 660 3168 turba
673 3116 791 3169 Curensis
803 3116 888 3181 babet·
962 3164 965 3169 .
