2367 3942
557 470 700 562 198
734 468 819 540 Ρ.
852 468 1109 540 OVID.
1138 466 1335 537 NAS.
1361 466 1632 537 Tmsr'.
1667 469 1747 540 L.
1778 471 1878 538 II.

550 588 668 640 Nou
695 601 792 655 ego
824 585 1040 637 mordaci
1072 584 1299 635 destrinxi
1332 587 1540 637 carmine
1576 604 1900 656 quemquam,

622 662 733 711 Nec
765 676 902 711 meus
937 659 1081 711 ullius
1113 658 1312 709 crimina
1346 660 1510 710 versus
1540 660 1706 712 habet.

435 732 496 798 56
505 747 530 798 5
558 733 802 786 Candidus
830 752 859 784 a
887 733 1059 785 salibus
1090 730 1278 783 suffiaesis
1307 730 1424 781 felle
1453 733 1654 801 refugi:

626 807 774 858 Nulla
804 820 1051 859 venenato
1080 806 1223 856 litera
1255 804 1404 855 mixta
1431 803 1550 870 joco
1583 806 1670 857 est.

553 880 690 932 Inter
719 892 799 929 tot
828 879 997 946 populi
1018 912 1036 939 ,
1068 890 1150 930 tot
1176 878 1339 943 scripti
1369 877 1516 930 millia
1544 878 1690 930 nostri
1714 911 1732 938 ‚

629 951 793 1016 Quem
821 969 928 1003 mea
960 952 1183 1018 Calliope
1216 952 1390 1004 laeserit
1412 983 1428 1010 ,
1461 968 1584 1002 unus
1619 969 1736 1021 ego.

554 1025 673 1075 Non
705 1024 850 1093 igitur
880 1024 1050 1077 nostris
1076 1026 1227 1075 ullum
1257 1024 1470 1092 gaudere
1503 1024 1750 1090 Quiritem

389 1140 407 1154 ,
437 1113 537 1161 570
633 1097 862 1167 Auguror
886 1132 901 1157 ,
928 1111 980 1148 at
1010 1100 1190 1149 multos
1222 1096 1470 1148 indoluisse
1497 1130 1513 1155 ‚
1550 1098 1704 1149 malis.

555 1172 665 1223 Nec
694 1172 810 1222 mihi
834 1171 1063 1223 credibile
1091 1170 1160 1221 est
1190 1186 1474 1238 quemquam
1495 1169 1731 1221 insultaffe
1757 1168 1944 1239 jacenti
1967 1205 1990 1232 ,

633 1243 806 1295 Gratia
833 1244 1030 1296 candori
1062 1237 1108 1295 si
1132 1261 1228 1310 qua
1255 1245 1408 1294 relata
1433 1259 1545 1294 meo
1574 1243 1662 1295 est.

556 1316 650 1370 nis
683 1335 860 1385 precor
883 1350 899 1378 ,
937 1332 1085 1385 atque
1118 1317 1224 1367 aliis
1256 1317 1445 1382 possint
1470 1328 1553 1367 tua
1582 1315 1774 1367 numina
1806 1315 1935 1367 flecti
1963 1349 1986 1377 ,

632 1391 683 1442 O
716 1390 861 1444 Pater
893 1392 907 1441 1
940 1407 975 1442 ο
1002 1389 1175 1441 Patria
1206 1406 1320 1441 cura
1349 1390 1566 1456 salusque
1594 1402 1693 1441 ωι-
1721 1389 1734 1437 !

440 1474 537 1529 575
563 1464 683 1515 Non
702 1464 827 1515 utin
847 1462 1107 1515 Ausoniam
1127 1463 1326 1513 redeam
1347 1495 1364 1523 ,
1406 1463 1497 1513 nisi
1523 1463 1727 1513 forsitan
1751 1461 1865 1513 olim
1888 1494 1910 1521 ,

635 1534 763 1588 Ct'un
794 1539 945 1606 longo
973 1553 1131 1605 poenae
1158 1548 1380 1602 tempore
1411 1535 1563 1586 vibius
1597 1535 1711 1586 eris.

560 1609 739 1661 Tutius
768 1612 987 1662 exsilium
1008 1643 1025 1670 ‚
1059 1612 1306 1678 pauloque
1338 1609 1546 1676 quietius
1569 1642 1584 1670 ,
1624 1623 1716 1662 oro
1739 1620 1758 1659 ε
1815 1626 1822 1634 ·

632 1682 706 1734 Ut
732 1700 820 1751 par
849 1683 1026 1737 demo
1050 1683 1117 1737 sit
1142 1699 1254 1734 mea
1280 1698 1425 1750 poena
1454 1681 1560 1735 suo.
