2367 3942
326 410 402 507 360
438 410 490 480 Ρ..
510 408 704 479 Ογιυιι
730 409 963 479 Nasonis

324 528 444 586 Delium,
464 527 558 585 dicam,
575 521 689 591 tempus,
706 542 823 591 curasque
840 527 926 577 fefelli.

363 602 435 650 Hunc
452 600 553 651 lruuum
567 601 671 666 praeseus
684 599 766 649 attulit
784 601 842 648 liora
859 601 926 650 milri.

325 672 452 725 abfuimus
462 672 560 731 solito,
576 674 632 722 dum
651 673 772 722 scribimus
786 671 845 730 ilia,
862 673 959 725 dolori:

283 765 317 815 70
365 748 393 796 ln
410 746 493 796 mediis
508 762 554 795 nec
571 762 616 797 nos
630 746 744 795 sensimus
759 744 806 794 effe
823 745 907 796 Getis.
1082 719 1083 800 l

325 820 360 871 At
375 832 422 879 tu,
440 836 489 869 non
507 819 610 879 dubito,
628 817 680 867 cuim
696 818 802 867 carmine
818 818 915 870 Thesea
930 820 1035 880 laudes,
1076 817 1084 870 l

362 893 475 942 Materiae
492 892 575 943 titulos
591 893 649 958 quin
665 904 750 942 tueare
767 903 836 941 tuae:

327 966 458 1031 Quemque
467 964 562 1023 resers,
580 966 673 1014 imitere
683 964 761 1013 virum
775 980 783 1014 s
796 976 864 1015 vetat
873 964 915 1014 ille
925 966 1036 1032 prosette>

362 1038 627 1104 Tranquilli'comirem
642 1038 757 1103 temporis
771 1036 820 1088 effe
832 1036 916 1088 fidem.

282 1128 316 1179 75
331 1110 380 1176 Qui
397 1126 536 1177 quamquam
552 1110 585 1159 eli
602 1111 668 1161 saslis
684 1111 787 1177 ingens,
806 1110 832 1159 δι
849 1112 965 1163 conditur
977 1122 1055 1174 a‘te*

362 1184 408 1234 Vir
421 1195 507 1241 tanto,
523 1194 613 1249 quanto
630 1184 712 1233 debuit
727 1199 771 1232 ore
788 1183 862 1241 cani3

326 1256 365 1309 Est
380 1269 461 1307 tamen
477 1273 507 1305 ex
524 1256 567 1305 illo
582 1257 651 1305 nubis
669 1256 782 1305 imitabile
797 1256 932 1322 quiddam,

364 1331 438 1396 lnque
454 1328 502 1378 fide
518 1329 629 1377 Theseus
645 1329 746 1395 quilibet
762 1327 809 1377 effe
825 1330 915 1395 potesl.

326 1402 383 1455 Non
398 1402 443 1453 tibi
460 1400 514 1451 sunt
531 1401 611 1452 holles
627 1402 694 1452 ferro
710 1390 826 1467 claiique
843 1401 979 1462 domandi,

283 1478 317 1528 80
365 1475 412 1527 Per
427 1491 488 1541 quos
504 1475 544 1524 vix
560 1475 603 1523 ulli
618 1475 713 1540 pervius
730 1474 829 1523 lslhmos
844 1487 916 1526 erat:

326 1549 375 1601 Sed
390 1548 533 1614 praeliandus
550 1563 638 1615 amor,
658 1562 761 1598 resnou
774 1547 875 1611 operosa
893 1548 999 1599 volenti.
1082 1597 1083 1602 ,

363 1621 425 1686 Quis
442 1621 509 1669 labor
524 1619 557 1669 eli
571 1635 653 1687 puram
670 1638 718 1671 non
734 1618 860 1670 temerasse
875 1618 947 1671 fidem
957 1618 979 1671 ξ’

325 1695 387 1745 Haec
403 1693 447 1742 tibi
460 1724 468 1751 ,
487 1692 527 1759 qui
539 1693 631 1759 perstas
646 1694 805 1743 indeclinatus
819 1692 918 1752 amico,
1082 1701 1084 1732 l

361 1767 419 1817 Non
435 1764 490 1823 esi,
510 1766 575 1830 qued
592 1766 674 1834 lingui
691 1766 751 1815 diua
767 1778 885 1832 querente
902 1777 987 1831 putes.
1082 1735 1083 1824 l

321 1874 967 1949 c--e--adlkaen
1082 1887 1083 1890 ’

413 1994 752 2063 EPISTOLA
801 1994 877 2058 XI.
1081 1893 1084 1980 ἶ

468 2116 825 2180 GALLIONI.

325 2208 413 2329 Gt
423 2286 508 2325 atro
521 2306 529 2333 ‚
546 2272 636 2323 crimen
652 2271 700 2323 erit
715 2272 758 2323 vix
769 2270 905 2325 excusabile
920 2274 1016 2337 nobis,

360 2347 473 2398 Carmine
489 2360 515 2398 te
532 2364 620 2397 nomen
635 2363 684 2397 non
698 2345 802 2397 habuisse
817 2362 884 2398 meo.
1079 2357 1084 2430 q

323 2419 362 2467 Tu
378 2436 475 2485 quoque
492 2420 574 2477 enim,
589 2420 704 2478 memini,
723 2418 813 2469 coeleffi
829 2420 929 2487 cuspide
944 2422 1009 2475 sasin

357 2492 376 2542 F
378 2491 445 2541 ovisti
462 2492 572 2559 lacrymis
590 2494 693 2545 vulnera
704 2492 783 2542 nostra
798 2492 857 2544 ruis.

299 2582 310 2630 5
325 2564 405 2630 Atque
421 2565 529 2623 utinam,
546 2566 607 2631 rapti
623 2564 713 2631 jasiuri
726 2565 794 2615 laesus
810 2565 901 2623 abrici,

358 2636 471 2689 sensisses
487 2639 570 2695 ultra,
590 2639 655 2705 quod
669 2655 818 2705 quererere,
837 2636 918 2689 nihil!

320 2712 377 2761 Non
392 2710 426 2760 ita
438 2710 485 2761 Dis
502 2712 612 2777 placuit,
629 2712 669 2777 qui
681 2719 710 2761 te'
722 2711 823 2777 spoliare
839 2711 927 2776 pudici

358 2781 470 2851 Conjuge
488 2784 598 2834 crudeles
614 2801 664 2833 non
680 2785 785 2833 habuere
802 2784 880 2835 nefas.

320 2856 415 2909 Nuncia
428 2874 482 2907 nam
500 2856 575 2906 Inuus
590 2856 648 2905 mini
665 2873 742 2922 nuper
757 2856 857 2921 epistola
874 2855 964 2914 venit,

279 2944 310 2981 10
358 2929 478 2995 Leslaque
496 2946 550 2979 curn
564 2929 675 2996 lacrymis
691 2930 744 2979 sunt
761 2941 804 2979 tua
819 2930 903 2980 damna
918 2930 995 2981 meis.

320 3002 368 3052 Sed
384 3015 462 3067 neque
479 3002 623 3066 prudentem
640 3003 709 3053 solari
726 3002 819 3053 slultior
833 3004 929 3060 ausim,

355 3073 486 3141 Verbaque
501 3074 625 3127 duslorum
640 3087 700 3128 nota
714 3076 807 3128 reserre
822 3077 887 3127 tibi:

869 3144 1034 3212 Finitumque
1082 3205 1083 3212 ἵ
