2367 3942
300 397 354 473 44
395 379 437 448 P.
465 378 662 455 Ονιριι
687 377 917 459 Nasonis

241 512 290 561 275
305 495 438 563 Cinilaque
450 494 537 563 pinetis
547 499 654 549 nemoris
665 497 722 566 juga
733 498 887 560 Nonacrini,

337 568 442 635 Altaque
457 566 580 636 Cyllene,
599 570 778 638 Parrbasiaeque
792 572 872 621 nives.

301 638 350 693 Pan
361 654 414 691 erat
427 642 529 693 armenti
541 642 619 694 tullus
630 677 638 702 ,
655 642 705 693 Pan
716 660 804 695 numen
815 660 945 711 equarum:

336 714 428 765 Munus
440 716 471 765 ob
483 715 619 765 incolumes
630 717 671 767 ille
683 717 778 767 ferebat
787 734 858 769 oves.

278 848 281 855 Ι
299 786 430 837 Transtulit
441 786 552 838 Evander
562 790 677 841 silvestria
688 790 786 839 ntunina
802 791 902 849 seeum,

242 860 291 911 280
338 859 387 910 Hic
398 860 438 911 ubi
450 876 513 911 nunc
524 861 588 912 Urbs
599 862 653 920 est,
668 874 720 911 tum
730 864 800 913 locus
812 864 886 913 Urbis
896 876 952 915 erat.

271 968 273 975 ,
300 932 359 983 lnde
373 934 454 983 Deum
465 935 566 985 colimus
576 966 584 993 ,
598 934 747 1001 dereftaque
758 937 822 985 lacre
832 935 946 1003 Pelasgis.

336 1006 434 1056 Flamen
445 1007 475 1057 ad
487 1008 558 1068 haec,
576 1008 655 1074 prisco
665 1024 753 1066 ruore,
770 1008 849 1059 Dialis
861 1022 923 1059 erat.

301 1078 351 1129 Cur
361 1079 435 1146 igitur
450 1093 547 1131 currant
558 1114 566 1139 ‚
583 1081 608 1131 δι
620 1098 663 1130 cur
674 1078 686 1144 (
696 1081 732 1131 sic
742 1097 840 1131 currere
855 1098 907 1131 mos
919 1081 970 1152 est)

336 1152 407 1201 Nuda
422 1152 501 1203 ferant
511 1153 590 1218 positi
600 1170 704 1219 corpora
713 1154 796 1212 veste,
815 1171 886 1226 rogas
899 1153 911 1205 i

238 1223 270 1275 28
276 1240 287 1289 5
301 1224 355 1291 lpse
367 1226 436 1275 Deus
446 1227 521 1277 velox
531 1226 663 1277 discurrere
675 1227 764 1294 gaudet
774 1227 800 1277 in
811 1228 868 1283 altis

334 1298 461 1349 Montibus
475 1332 483 1355 ,
500 1299 527 1349 &
537 1300 624 1349 subitas
635 1300 743 1351 concitat
757 1300 798 1350 ille
809 1300 884 1351 ieras.

298 1370 350 1437 lpse
364 1372 434 1421 Deus
445 1372 523 1423 nudus
539 1372 618 1423 nudus
632 1371 702 1437 jubet
714 1373 749 1423 ire
764 1373 904 1433 ministros5

336 1444 390 1495 Nec
401 1443 456 1495 satis
467 1445 497 1495 ad
508 1446 601 1497 cursum
612 1447 740 1498 commoda
749 1446 820 1497 vellis
832 1459 894 1496 erat.

299 1516 364 1568 Ante
376 1516 465 1569 Jovenr
479 1521 606 1587 genitum,
625 1533 704 1571 terras
714 1519 818 1571 habuitie
829 1518 940 1571 feruntur

237 1602 290 1655 290
338 1590 446 1641 Arcades
459 1608 466 1641 r
480 1594 505 1643 ἃ
517 1593 585 1643 Luni
598 1609 657 1659 gens
672 1594 738 1657 prior
749 1594 791 1641 illa
801 1592 855 1643 fuit.

299 1663 358 1718 Vita
370 1663 427 1713 ieras
440 1664 521 1713 similis
533 1696 541 1723 ‚
561 1666 642 1714 nullos
650 1666 739 1730 agitata
753 1681 797 1730 per
811 1665 866 1715 usus
879 1680 887 1717 ε

336 1734 404 1785 Artis
415 1736 492 1785 adhue
502 1752 589 1802 expers
600 1768 609 1794 ‚
627 1736 723 1787 &rude
734 1737 822 1804 vulgus
833 1751 911 1788 erant.

299 1807 347 1859 Pro
357 1808 466 1857 domibus
478 1808 576 1859 frondes
587 1821 693 1867 norant,
710 1826 755 1875 pro
765 1810 875 1878 frugibus
884 1812 972 1863 herbas
983 1828 995 1871 3

337 1879 426 1930 Nedlar
441 1892 493 1930 erat
503 1881 586 1947 palmis
597 1881 676 1931 hausta
690 1882 781 1933 duabus
795 1902 865 1951 aqua.

238 1968 288 2018 295
302 1954 389 2003 Nullus
402 1954 529 2003 anhelabat
540 1954 581 2005 sub
592 1957 687 2005 adunco
698 1974 798 2008 vomere
812 1973 893 2009 taurus
902 1972 915 2016 3

337 2026 410 2075 Nulla
423 2027 463 2077 sub
479 2026 579 2095 imperio
590 2041 656 2080 terra
666 2031 769 2081 colentis
781 2043 843 2081 erat.

274 2115 276 2121 ’
300 2100 387 2149 Nullus
402 2100 480 2151 adhuc
491 2116 543 2151 erar
554 2102 608 2153 usus
619 2104 693 2168 equi:
706 2097 730 2153 se
742 2103 842 2180 quisque
854 2102 972 2175 ferebatt

336 2173 388 2222 lbat
404 2174 455 2223 evis
471 2174 524 2223 land
540 2190 629 2241 corpus
641 2174 725 2223 amitte
739 2175 788 2223 sud.

299 2245 348 2295 Sub
361 2244 375 2296 J
377 2262 424 2295 oue
436 2246 571 2305 durabant,
594 2247 620 2295 tit
633 2262 736 2311 corpora
745 2246 808 2294 nuda
819 2245 960 2309 gerebant,
980 2258 982 2262 ·

237 2330 289 2384 300
337 2318 416 2367 Dodla
428 2332 512 2386 graves
526 2318 614 2368 imbres
627 2319 653 2369 δι
665 2320 771 2369 tolerare
783 2318 874 2366 Notus.

298 2392 369 2441 Nunc
382 2408 478 2457 quoque
489 2392 595 2449 detedii,
616 2391 727 2439 referunt
740 2398 896 2438 monumenta
905 2387 1003 2440 vetusti

227 2483 231 2495 ¹
336 2463 433 2522 Moris,
453 2465 478 2513 dt
493 2464 604 2529 antiquas
617 2461 773 2511 testificantur
787 2476 857 2525 opes.

299 2537 347 2587 Sed
361 2569 368 2594 ,
387 2552 429 2585 cur
439 2535 559 2601 pracipub
570 2535 646 2603 fugiat
658 2534 776 2583 velamina
787 2533 902 2590 Faunus,

337 2609 453 2657 Traditur
466 2607 558 2672 antiqui
568 2608 648 2657 fabula
661 2608 733 2672 plena
748 2604 808 2668 joci.

239 2694 288 2747 305
302 2684 376 2734 Forte
388 2696 470 2729 comes
487 2680 588 2729 dominae
603 2678 698 2743 juvenis
707 2678 851 2743 Tirynthius
866 2676 940 2737 ibat3

337 2754 406 2805 Vidit
419 2753 448 2802 ab
462 2752 559 2801 excelso
571 2750 666 2801 Faunus
681 2763 809 2817 utrumque
822 2748 892 2817 jugo.

300 2827 388 2883 Vidit,
407 2826 542 2876 &incaluit
553 2840 562 2881 ;
580 2822 746 2890 Montanaque
756 2824 872 2882 numina,
888 2824 952 2875 dixit
965 2858 978 2885 ,

339 2900 380 2949 Nil
394 2899 451 2948 milri
465 2897 589 2961 uobiscum
602 2896 653 2947 estr
666 2898 717 2947 haec
732 2914 799 2953 meus
813 2897 887 2951 ardor
900 2899 965 2951 erit.

303 2973 372 3031 lbat,
391 2972 498 3023 odoratis
512 2972 624 3021 humeros
641 2970 734 3037 perfusa
748 2972 860 3037 capillis.

242 3057 293 3107 310
340 3045 465 3106 Maeonis,
483 3057 567 3099 aurato
582 3044 751 3115 conspiciende
763 3046 829 3101 sinu.
