2367 3942
312 366 805 485 Taurianum.
860 436 933 511 177

220 535 280 586 Haec
296 550 387 602 precor
403 545 432 583 ut
446 533 540 597 semper
554 529 649 598 possint
664 531 714 581 tibi
725 533 780 583 falsa
795 535 892 597 videri·
944 553 953 589 1
961 552 973 601 5

255 609 317 659 Sunt
332 620 415 658 tamen
430 617 523 656 eventu
538 621 595 655 vera
612 606 711 655 fatenda
726 624 793 657 meo.

219 682 286 731 Dum
301 680 429 739 lletimus,
446 680 525 729 turbae
540 690 655 745 quantum
668 678 723 729 satis
736 679 811 740 esser,
829 682 933 735 habebat
999 718 1002 723 -

255 756 323 804 Nota
336 754 452 820 quidem,
468 752 511 801 sed
527 768 578 801 non
591 752 734 811 ambitiosa,
753 755 849 806 domus.

218 826 253 877 At
270 828 342 878 simul
358 826 458 892 impulsa
474 825 528 883 est;
547 841 632 875 omnes
649 825 750 875 timuere
765 828 875 889 ruinam,

257 900 385 966 Cautaque
397 898 519 948 communi
532 909 604 965 terga
619 899 707 949 dedite
724 899 796 967 iugae.
941 919 975 955 20

218 973 289 1024 Saeva
304 990 351 1023 nec
368 972 474 1023 admiror
488 983 603 1021 metuunt
617 972 637 1021 si
652 972 765 1032 fulmina,
786 991 887 1042 quorum

254 1047 353 1114 ignibus
369 1045 444 1095 afflari
459 1046 569 1111 proaima
586 1060 686 1111 quaeque
701 1045 794 1098 vident.

219 1118 267 1169 Sed
280 1132 361 1169 tamen
379 1119 405 1167 in
418 1117 484 1168 duris
498 1129 662 1167 remanentem
677 1118 749 1168 rebus
765 1120 883 1182 amicum,

255 1192 398 1257 Quamlibet
413 1191 510 1249 inviso,
529 1190 626 1249 Caesar,
645 1192 670 1240 in
684 1190 769 1251 hoste,
788 1196 883 1260 probat.

219 1266 274 1317 Nec
286 1266 349 1316 solet
362 1264 450 1322 irasci,
469 1280 550 1330 neque
565 1264 629 1313 enim
644 1264 792 1316 moderarier
809 1268 889 1328 alter,
939 1285 971 1334 25

256 1337 320 1388 Crini
335 1339 389 1405 quit
404 1339 429 1387 in
441 1338 569 1395 adversis,
589 1338 609 1386 si
626 1336 683 1403 quid
698 1340 786 1389 amavit
798 1372 805 1398 ,
819 1355 891 1392 amar.

220 1411 260 1461 De
274 1411 366 1462 comite
382 1412 494 1478 Argolici
508 1410 560 1476 poli
574 1414 645 1476 quim
662 1411 779 1478 cognovit
796 1412 908 1474 Oreslae,

255 1486 376 1535 Narratur
388 1483 498 1551 Pyladen
512 1483 561 1549 ipse
575 1482 683 1549 probasse
700 1484 794 1535 Thoas.

219 1555 282 1621 Quae
294 1558 344 1607 fuit
361 1556 481 1607 Aeetida
496 1573 551 1606 curn
565 1572 653 1623 magno
668 1556 761 1623 semper
776 1558 889 1619 Achille,

254 1630 359 1681 Laudari
373 1630 445 1680 solita
458 1629 492 1679 est
507 1629 620 1679 Helloris
637 1646 681 1680 ore
694 1628 765 1682 fides.
938 1646 972 1699 30

220 1703 295 1768 Quod
305 1705 360 1769 pius
376 1704 406 1753 ad
423 1719 505 1753 manes
518 1697 629 1753 Theseus
645 1720 726 1755 comes
743 1704 795 1757 iilet
810 1705 907 1765 amico,

254 1777 400 1826 Tartareum
416 1776 499 1825 dicunt
514 1774 637 1825 indoluisse
654 1776 745 1827 Deum.

218 1849 318 1916 Euryali
334 1850 436 1915 Nisique
451 1846 498 1899 fide
514 1848 576 1908 tibi,
592 1850 697 1909 Turne,
714 1851 808 1911 relati,

256 1922 381 1972 Credibile
398 1921 432 1971 eil
446 1923 557 1990 lacrymis
574 1884 717 1973 immaduiile
735 1941 817 1992 genas.

217 1994 258 2045 Eli
272 1996 348 2047 etiarn
357 1994 453 2047 miseris
468 1995 566 2061 pictas,
586 1996 634 2046 &'
628 2013 653 2045 ιιι
666 1994 734 2045 boile
749 1999 872 2061 probatur.
936 2014 968 2066 35

254 2068 305 2117 Hei
315 2068 393 2117 mihi
386 2069 392 2101 ¹
406 2084 475 2134 quarn
484 2085 576 2133 paucos
586 2070 639 2119 haec
649 2056 703 2117 r'nea
714 2068 773 2117 ditia
783 2084 882 2121 movent
895 2070 902 2121 l

109 2199 112 2203 ,
217 2140 266 2191 Hir
282 2140 376 2200 status,
394 2141 543 2193 herrorum
558 2156 623 2192 nunc
636 2140 670 2193 est
682 2141 777 2191 fortuna
793 2158 915 2206 mearum,

254 2215 355 2265 Debent
369 2225 397 2264 ut
411 2216 523 2281 lacrymis
535 2217 616 2265 nullus
631 2212 708 2264 adello
722 2214 816 2265 modus.

218 2286 253 2337 At
266 2304 322 2337 mea
337 2287 411 2345 lunt,
427 2290 527 2355 proprio
545 2287 651 2352 quamvis
667 2284 811 2337 mollissima
827 2290 899 2351 casu,

254 2360 357 2411 Peilora
371 2361 482 2427 proceffu
500 2360 559 2409 inira
575 2360 658 2409 serena
674 2372 727 2409 tuo.
937 2380 972 2429 40

220 2432 278 2482 Hoc
295 2446 440 2485 eventurum
458 2434 504 2498 iam
519 2446 589 2491 tum,
609 2432 749 2492 carissime,
766 2434 834 2497 vidi,
884 2452 887 2463 ¹

254 2506 341 2556 Ferret
357 2509 436 2557 adhuc
451 2507 515 2555 istam
530 2504 583 2555 crim
600 2507 678 2556 minor
695 2523 750 2557 aura
767 2520 853 2561 ratem.

219 2578 277 2629 Sive
289 2580 387 2662 aliquod
398 2595 511 2637 morum,
526 2578 569 2628 seu
582 2578 639 2628 viror
656 2581 709 2629 labe
724 2582 828 2633 carentis

254 2650 295 2701 Est
308 2653 435 2717 pretium3
452 2668 524 2701 nemo
538 2652 612 2716 pluris
624 2653 747 2703 habendus
763 2655 817 2705 erit
857 2702 860 2707 .

218 2724 276 2772 Sive
290 2741 336 2791 per
352 2725 467 2793 ingenuas
485 2725 569 2790 aliquis
586 2737 656 2790 caput
672 2725 759 2777 extulit
773 2740 857 2787 artes,
936 2742 970 2791 45

227 2790 379 2858 Quaelibet
397 2797 496 2863 eloquio
510 2797 538 2847 fit
552 2798 615 2847 bona
632 2798 700 2849 causa
715 2810 769 2857 tuo,

218 2868 264 2921 liis
280 2886 330 2935 ego
345 2881 502 2928 commotus,
521 2870 570 2919 dixi
586 2871 629 2920 tibi
646 2871 758 2937 protinus
773 2871 840 2937 ipsi,

254 2942 334 2991 Scene
350 2954 431 2992 maner
447 2942 517 2993 dotes
529 2943 644 3011 grandis,
661 2942 757 3001 amice,
774 2955 837 2993 tuns.

218 3014 278 3065 llaec
295 3015 355 3063 milri
369 3032 418 3065 non
433 3016 514 3066 ovium
527 3014 592 3066 fibrae
607 3016 744 3065 tonitrusve
760 3016 865 3073 sinistri,
934 3062 942 3079 ,

253 3087 380 3156 linguave
396 3087 516 3149 servate,
535 3104 666 3155 pennave,
685 3088 819 3143 diritatis.
940 3106 974 3155 50

830 3160 885 3213 Ην
