2367 3942
270 441 346 512 224
392 419 433 486 P.
457 420 645 492 Orrnrr
674 423 905 492 Nrsorrrs

268 544 325 592 Sola
338 557 384 590 nec
399 540 516 599 insidiae,
532 540 625 591 Threci
640 557 686 590 nec
700 541 782 592 militis
799 543 902 600 ensem,

305 615 360 664 Nec
374 631 459 672 mare,
475 631 522 664 nec
534 627 641 673 ventos,
660 614 840 682 barbariemque
856 617 937 665 timet.

271 687 323 737 Scit
332 703 448 754 quoque,
465 684 520 736 ciun
535 686 616 752 perii,
635 687 687 752 quis
701 703 739 736 me
752 687 876 752 deceperit
892 705 984 738 error:

307 760 340 810 Et
353 762 448 826 culpam
461 761 487 810 in
500 759 583 818 sado,
601 777 651 810 non
667 759 743 810 scelus
755 793 763 819 ,
781 760 829 810 elle
842 777 909 810 meo.

227 847 244 882 2
247 846 260 895 5
273 833 374 884 Scilicet
387 834 435 882 hoc
447 833 498 900 ipso
513 849 576 881 nunc
590 849 677 898 aqua,
696 832 761 898 quod
776 833 854 883 obfuit
867 845 944 892 ante,

307 903 370 956 cum
384 922 480 957 mecum
495 904 568 970 imni
585 904 690 954 criminis
706 905 757 954 ada
770 921 813 958 rea
828 904 872 955 et.

272 980 330 1030 Non
339 979 451 1044 equidem
460 980 550 1028 vellem
561 1013 569 1037 ,
587 979 699 1044 quoniam
711 978 823 1028 nocitura
834 977 934 1028 stremnt
945 1011 953 1037 ,

308 1051 427 1103 Pieridum
443 1052 516 1102 sacris
531 1049 663 1117 imposuisse
680 1067 784 1118 manum.

273 1125 321 1174 Sed
335 1142 400 1175 nunc
410 1125 467 1192 quid
481 1123 587 1175 faciam?
608 1123 644 1174 vis
656 1140 694 1172 me
705 1135 774 1173 tenet
784 1121 832 1190 ipsa
844 1123 983 1178 Sororum:

230 1211 264 1260 30
313 1198 345 1248 Et
360 1214 457 1248 carmen
472 1198 589 1254 demens,
607 1197 711 1246 carmine
725 1196 813 1256 lasus,
829 1213 898 1250 amo.

273 1271 314 1321 Sic
330 1287 394 1321 nova
406 1271 524 1322 Dulichio
537 1272 604 1321 lotos
621 1268 711 1338 gustata
725 1269 828 1336 paltto,

310 1345 380 1403 1110,
398 1360 448 1411 quo
455 1343 562 1400 'nocuit‚
580 1355 649 1410 gruta
665 1341 749 1408 sapore
765 1341 820 1394 suit.

273 1415 354 1468 Sentit
362 1433 443 1467 amans
454 1417 494 1466 sur
504 1416 587 1465 damna
600 1415 671 1474 ferd,
685 1427 766 1465 tamen
776 1416 852 1466 beret
862 1411 887 1464 in
898 1413 945 1467 illis
956 1430 966 1474 ;

310 1489 441 1541 Materiam
453 1490 531 1556 colpe
547 1488 745 1556 persequiturque
761 1489 818 1540 lua.

231 1575 264 1625 35
276 1562 331 1613 Nos
347 1579 445 1631 quoque
461 1558 602 1624 deleslant,
620 1565 727 1629 quamvis
742 1559 867 1621 nocuere,
885 1561 985 1612 libelli:

219 1678 222 1682 Α
311 1634 435 1704 Quodque
451 1637 509 1686 mihi
523 1638 599 1686 telum
613 1638 713 1703 vulnera¹
730 1635 789 1686 secit
800 1669 819 1702 „
828 1651 894 1684 amo.

275 1708 388 1758 Forsitan
401 1710 450 1759 lloc
462 1709 562 1759 studium
573 1709 651 1775 poerit
667 1709 735 1759 suror
750 1708 797 1759 effe
812 1709 912 1760 videii:

312 1781 360 1831 Sed
377 1782 488 1846 quiddam
503 1781 572 1831 soror
584 1783 628 1832 bic
640 1783 749 1832 utilitatis
763 1783 846 1831 babet.

276 1853 377 1917 Semper
391 1853 417 1902 in
432 1855 521 1904 obtutu
535 1866 642 1904 mentem
655 1865 725 1904 vetat
738 1854 786 1904 esse
802 1857 941 1912 malorum,
965 1861 969 1868 “

232 1942 267 1985 40
314 1923 440 1977 Praesentis
457 1926 527 1978 cassis
542 1925 754 1994 immemoremque
770 1928 839 1981 tacit.

276 1997 361 2064 thue
374 1999 440 2050 suurn
455 1999 558 2050 Bacchis
574 2017 624 2050 non
641 2001 712 2051 sentit
729 2001 808 2050 saucia
823 2001 929 2060 vulnus,

311 2073 378 2123 Dum
392 2073 472 2141 stupet
486 2073 576 2126 Edonis
591 2076 713 2126 exululata
730 2072 812 2142 jugisr

276 2145 336 2204 Sic,
351 2147 393 2197 ubi
407 2160 473 2198 mota
487 2150 568 2199 calent
580 2149 652 2198 viridi
668 2165 720 2196 mea
735 2147 832 2214 pellona
844 2144 947 2212 thyrso,

312 2218 396 2270 Altior
407 2222 516 2271 ‘humano
528 2221 622 2287 spiritus
637 2221 679 2270 ille
694 2221 758 2268 malo
774 2220 816 2270 esi.

232 2305 265 2351 45
280 2289 325 2339 llle
340 2309 387 2342 nec
401 2293 531 2351 exsilium,
547 2293 658 2359 Scythici
673 2307 719 2342 nee
735 2293 806 2341 litora
821 2291 912 2358 ponti,

313 2363 358 2412 llle
372 2381 419 2415 nec
434 2365 509 2414 iratos
525 2366 597 2414 sentit
612 2364 689 2414 adesse
703 2365 783 2415 Deos.

276 2435 360 2500 thue
378 2436 518 2501 soporifera
534 2437 641 2484 biberem
658 2437 679 2484 si
693 2439 780 2500 pocula
793 2435 902 2491 Lethes,

311 2507 441 2571 Temporis
455 2507 551 2557 adversi
565 2507 601 2557 sic
615 2507 673 2555 mibi
687 2507 766 2557 sensus
780 2507 864 2556 hebet.

277 2578 336 2630 lure
350 2578 416 2629 Deas
430 2579 502 2645 igitur
515 2595 623 2629 veneror
638 2582 698 2628 mala
715 2579 792 2629 nollra
808 2580 918 2629 levantes
931 2611 940 2636 ,

235 2666 267 2714 50
314 2651 420 2701 Solicitae
437 2651 540 2702 comites
556 2669 588 2702 ex
605 2651 726 2703 liestcone
742 2652 828 2718 sugaet

275 2723 306 2773 Et
322 2723 407 2787 partim
423 2725 530 2792 pelago,
549 2727 634 2792 partim
650 2725 748 2792 vestigia
764 2723 841 2774 tert-'d-
895 2730 899 2738 '

311 2796 361 2846 Vel
374 2809 426 2846 rate
441 2798 548 2865 dignatas
562 2798 569 2852 ζ
586 2801 627 2849 vel
644 2797 706 2864 pede
723 2797 801 2848 noslra
818 2796 896 2862 sequi,

275 2867 328 2918 Sint
337 2886 425 2935 precor
433 2871 472 2921 lrae
480 2871 562 2922 saltem
571 2873 655 2922 faciles
664 2871 737 2920 mihi:
748 2887 849 2938 namque
856 2871 966 2920 Deorum

313 2941 402 2994 Cetera
419 2961 473 2994 cum
487 2960 574 3013 magno
590 2943 687 2995 Caesare
704 2945 773 2994 turba
790 2945 857 2995 sacit.

235 3028 245 3073 ς
253 3029 264 3075 5
279 3014 372 3081 Meque
387 3029 426 3067 tot
441 3017 549 3069 adversis
566 3020 708 3078 cumulant,
729 3029 790 3084 quot
806 3019 864 3068 litus
879 3027 985 3072 areum,

313 3087 432 3157 Quotque
445 3091 533 3144 fretum
549 3091 645 3156 pisces,
663 3107 757 3158 ovaque
773 3093 843 3161 piscis
857 3091 938 3140 babet.
