2367 3942
259 470 406 536 Emer.
435 480 493 532 rx
519 466 664 531 Ponro
691 463 730 530 L.
756 463 787 530 I.
826 484 901 556 279

189 585 238 636 Sed
252 601 343 636 vereor
358 617 370 643 ,
386 599 418 632 ne
435 599 474 630 me
491 581 574 632 frustra
589 582 685 632 servare
702 584 818 642 labores3

228 659 283 707 Neu
296 658 373 722 juver
387 654 485 706 admota
501 655 609 720 perditus
625 671 690 722 aeger
708 672 766 722 ope.
912 671 946 722 9⁰

189 731 242 780 Nec
254 731 416 796 loquor3haec
428 761 437 785 ,
451 728 505 792 quia
522 729 553 778 sit
563 729 641 794 major
657 727 783 794 prudentia
799 728 868 780 nobis
882 748 891 789 ς

226 803 277 852 Sed
290 805 336 853 sim
346 835 359 861 ,
376 805 446 869 quim
461 799 574 859 medico,
592 801 674 850 notior
690 801 738 866 ipse
753 802 822 851 mihi.

190 875 227 926 Ut
240 888 324 926 tamen
338 877 386 924 lroc
397 875 437 923 'ire
452 874 499 930 sir,
519 890 604 923 munus
621 887 663 923 tua
679 873 768 941 grande
785 876 895 926 voluntas

226 949 267 1002 Ad
283 965 323 998 rue
337 945 470 1014 pervenit,
488 947 668 1013 consuliturque
683 946 749 997 boni.

249 1053 898 1140 na—-ssffffi--ss—*m

349 1175 694 1256 EPISTOLA
734 1179 809 1242 IV.

470 1303 693 1364 UXORI-

190 1395 282 1516 June
298 1454 356 1504 mihi
371 1455 479 1505 deterior
494 1456 558 1506 canis
574 1457 724 1523 adspergitur
740 1469 797 1508 aetas
810 1474 820 1515 3

228 1527 331 1592 Jamque
346 1543 415 1577 meos
427 1529 510 1578 vultus
525 1545 583 1596 ruga
601 1529 681 1578 senilis
697 1531 771 1581 arat':

191 1597 244 1650 lam
259 1601 348 1666 vigor,
364 1601 390 1650 ἃ
404 1601 487 1667 quasso
502 1603 617 1668 languent
635 1603 660 1650 in
677 1617 782 1668 corpore
798 1602 882 1663 vireu

229 1674 306 1730 Nec,
324 1672 408 1738 juveni
424 1674 487 1723 lusus
504 1675 545 1740 qui
560 1675 692 1740 placuere,
712 1677 820 1741 placent.

191 1747 244 1794 Nec
261 1746 281 1793 si
295 1762 335 1795 me
349 1744 428 1796 subiri>
441 1748 544 1805 videas,
559 1748 691 1814 agnoscere
708 1749 785 1817 poesie
799 1765 807 1801 r
915 1763 927 1811 5

227 1817 321 1867 AEratis
335 1818 397 1866 salia
412 1819 445 1868 esl
458 1832 525 1869 tanta
541 1821 608 1869 ruina
626 1837 695 1873 meae.

192 1889 323 1940 Confiteor
336 1887 418 1940 facere
432 1893 484 1942 haee
498 1905 593 1944 annos:
605 1893 645 1943 sed
661 1896 689 1946 dr
701 1896 777 1946 altera
792 1895 862 1946 causa
876 1894 927 1954 est,

227 1963 347 2012 Anxieta's
364 1964 454 2023 animi,
472 1966 650 2032 continuusque
667 1969 745 2017 labor.

191 2037 255 2086 Nam
269 2052 322 2085 mea
334 2053 379 2100 per
395 2039 482 2104 longos
497 2040 517 2088 si
535 2038 588 2103 quis
603 2041 664 2086 mala
681 2039 774 2105 digerat
788 2054 885 2098 annos,

169 2119 174 2127 '
228 2107 312 2158 Crede
326 2109 404 2167 mihi,
424 2109 494 2177 Pylio
511 2104 614 2160 Nestore
629 2110 706 2176 major
724 2127 777 2160 ero.
915 2127 947 2164 ιο

193 2181 282 2230 Cernis
298 2194 326 2230 ut
341 2182 367 2230 in
382 2183 465 2241 duris,
488 2185 513 2234 ἃ
531 2184 586 2250 quid
603 2186 668 2232 bore
684 2181 795 2234 firmius?
814 2185 876 2234 arvis
937 2225 941 2234 .

229 2254 312 2321 Fortia
328 2266 451 2305 taurorum
466 2273 568 2321 corpora
585 2257 680 2324 frangat
695 2273 766 2322 opus.

193 2325 258 2390 Quae
275 2343 401 2393 numquam
417 2345 496 2377 vacuo
512 2331 580 2378 solita
598 2330 631 2378 est
647 2330 735 2379 cessare
750 2330 850 2390 novali,

229 2399 353 2449 Prudibus
368 2402 469 2450 assiduis
484 2402 537 2452 lesia
554 2403 656 2453 senescit
669 2404 766 2452 liumus.

194 2472 320 2530 Occidet,
333 2473 364 2521 ad
382 2473 449 2522 Circi
461 2475 480 2523 si
498 2477 553 2542 quis
567 2477 699 2526 certamina
717 2476 828 2543 semper,
915 2491 944 2540 15

233 2547 291 2594 Non
305 2547 447 2596 intermissis
463 2549 589 2606 cursibus,
604 2550 647 2599 ibic
662 2567 746 2615 equur.

100 2665 104 2672 ,
194 2619 274 2669 Firma
288 2617 322 2668 sir
333 2618 375 2668 ille
390 2620 466 2677 licet,
487 2621 594 2670 solvetur
610 2623 633 2670 in
650 2637 765 2689 aequore,
781 2621 867 2682 naris,

231 2690 294 2754 Quae
309 2708 436 2758 numquam
452 2693 546 2760 liquidis
562 2695 626 2744 sicca
641 2696 731 2746 carebit
745 2697 821 2762 aquis.

193 2763 238 2814 Me
255 2780 352 2830 quoque
367 2765 477 2815 debilitat
493 2766 569 2816 series
582 2769 694 2818 immense
708 2771 843 2826 malonem,
896 2781 900 2786 “

231 2837 297 2887 Ante
315 2854 395 2887 meum
410 2849 504 2905 tempus
519 2841 590 2907 cogit
602 2841 627 2890 dc
646 2841 692 2890 esse
709 2843 797 2890 senem.
914 2855 948 2891 20

99 2944 113 2991 ξι
196 2909 256 2960 Oria
271 2926 360 2974 corpus
376 2913 463 2970 alont3
480 2914 573 2962 animus
588 2912 804 2979 quoque·pascirur
820 2911 881 2964 illie,¹

233 2984 379 3033 Immedicus
389 2997 479 3033 contre
491 2987 566 3051 carpit
582 2995 710 3050 utrumque
726 2985 804 3034 labor.

99 3050 100 3091 ἓ
197 3055 301 3118 Aspice,
317 3057 342 3106 in
358 3058 400 3106 bas
414 3070 494 3121 partes
511 3059 575 3124 quod
591 3060 686 3106 venerit
697 3057 787 3108 AEsone
804 3069 892 3117 natus,

233 3129 314 3194 Quam
330 3130 425 3180 laudern
441 3146 455 3179 a
472 3130 523 3182 sera
538 3129 678 3198 posteritate
695 3131 770 3181 serat.
