2367 3942
297 432 369 483 102
406 410 448 479 P.
476 411 668 482 OVIDII
693 414 919 482 Nasonis

294 532 386 581 Sunion
401 532 560 597 expositum,
579 531 704 598 Pireaque
721 543 774 581 tura
789 532 881 581 recessu

330 604 446 671 Linquit,
467 605 494 655 ὅ(
506 606 533 655 in
545 607 656 656 dextrum
671 622 724 672 quae
739 603 804 669 jacet
820 622 861 653 ora
876 608 947 655 larus.

234 675 283 740 565
296 677 361 727 Hinc
375 678 418 728 init
428 677 558 746 AEgaeum,
575 696 625 746 quo
638 678 758 746 Cycladas
771 678 855 742 aspicit
866 692 967 736 omnes;
1064 664 1071 701 ’ἵ

331 752 474 818 Ioniumque
488 770 583 818 rapax,
602 752 750 817 lcariumque
768 752 836 817 legit.
869 776 890 789 *-

295 823 391 889 Perque
407 827 479 875 urbes
494 827 559 877 Asiae
572 828 670 893 longum
687 824 750 890 petit
763 824 947 892 Hellespontum
959 842 969 883 ;

331 898 510 965 Diversumque
524 900 585 949 locis
600 902 647 948 alta
661 910 771 965 pererrat
785 898 842 947 iter.

296 971 357 1020 Nam
368 970 440 1022 modi>
451 973 570 1041 turilegos
583 974 692 1029 Arabas,
708 970 782 1020 modi)
798 972 901 1037 despicit
912 972 982 1021 lndos
996 987 1003 1028 ;
1071 970 1072 975 ’

236 1058 286 1105 570
334 1044 399 1094 Hinc
410 1045 499 1117 Libys,
511 1047 568 1096 binc
579 1046 685 1102 Meroii,
699 1044 814 1111 siccaque
825 1056 890 1095 terra
902 1044 985 1095 subest.

251 1117 1004 1186 Nuncaditllesperios,lllrenum,Rhodanumque,Padumque,

306 1204 309 1214 ·
332 1190 420 1258 Teque
435 1193 517 1242 future
531 1208 637 1257 parens,
653 1190 741 1248 Tibri,
761 1192 869 1256 potentis
885 1210 963 1258 aqnae.

298 1262 357 1329 Qud
373 1264 461 1315 seror?
481 1266 620 1315 immensum
635 1264 667 1313 esi
684 1276 774 1314 erratas
793 1264 875 1314 dicere
891 1279 988 1323 terras5

310 1331 316 1343 '
335 1336 473 1390 Praeteritus
489 1339 574 1390 Cereri
591 1340 669 1388 nullus
686 1338 710 1387 in
727 1338 788 1389 orbe
805 1339 883 1387 locus.

237 1424 286 1472 575
300 1410 371 1461 Errat
386 1412 412 1463 δι
426 1412 452 1463 in
467 1415 532 1463 coelo
544 1430 552 1463 a
564 1412 695 1479 liquidique
711 1412 822 1461 immunia
836 1410 908 1474 ponii

338 1485 477 1553 Alloquitur
493 1488 574 1557 gelido
590 1488 698 1553 proxima
712 1486 780 1552 signa
795 1486 863 1550 polo.

209 1600 212 1605 .
298 1556 452 1611 Parrbasides
468 1562 559 1620 stellae,
576 1576 679 1627 namque
696 1560 775 1609 omnia
791 1556 854 1606 nosse
870 1555 990 1623 poteslis,

334 1630 471 1697 AEquoreas
488 1650 615 1699 numquam
632 1632 685 1683 crim
701 1633 803 1682 subeatis
816 1647 908 1697 aquas,

299 1700 469 1769 Persephonen
484 1706 576 1753 miserae
591 1719 671 1755 natam
686 1705 814 1753 monstrate
829 1704 934 1769 parenti.

237 1771 289 1835 580
336 1774 459 1825 Dixerat:
471 1777 527 1825 huic
543 1777 632 1826 Helice
648 1778 791 1827 talianerba
808 1777 894 1825 refert.

301 1846 405 1899 Crimine
422 1866 471 1898 nox
484 1865 560 1899 vacua
575 1848 617 1898 esl.
636 1850 717 1898 Solem
733 1848 763 1897 de
779 1848 872 1913 virgine
887 1848 956 1915 rapti

336 1920 462 1980 Consule,
477 1923 517 1989 qui
534 1921 583 1972 late
601 1922 661 1972 sasia
676 1919 759 1971 diurna
776 1921 854 1971 videt.

301 1992 344 2043 Sol
359 1996 455 2054 aditus,
473 1996 552 2061 Quam
563 1998 649 2063 quaeris
662 2031 669 2056 ,
687 1997 740 2055 ait,
758 2012 788 2045 ne
798 2012 860 2045 vana
876 1996 989 2055 labores,

337 2068 420 2136 Nupta
436 2069 504 2121 Jovis
519 2071 587 2121 fratri
603 2071 675 2122 tertia
689 2087 764 2140 regna
778 2080 857 2119 tenet.

182 2144 188 2155 ⁴
240 2138 273 2199 58
278 2155 290 2202 5
305 2139 395 2203 Questa
411 2144 450 2193 diu
462 2145 542 2194 secum
558 2146 591 2193 sic
608 2144 642 2194 est
657 2144 728 2193 affata
743 2145 901 2201 Tonantem,

338 2214 493 2283 Maximaque
507 2218 533 2266 in
548 2220 619 2265 vultu
632 2216 698 2282 signa
714 2216 818 2265 dolentis
834 2228 912 2264 erant.

300 2287 327 2337 Si
340 2304 432 2338 memor
448 2306 494 2348 es,
515 2290 609 2353 dequo
626 2289 682 2337 mihi
699 2287 730 2337 sit
741 2286 883 2353 Proserpina
900 2301 973 2349 nata,

337 2361 471 2412 Dimidium
487 2378 552 2411 eurae
567 2362 642 2411 debet
659 2360 747 2410 habere
764 2372 823 2411 tuae.

302 2433 371 2483 Orbe
388 2442 533 2499 pererrato,
553 2435 601 2484 sola
619 2433 651 2484 est
665 2433 752 2499 injuria
768 2434 823 2483 sassi

241 2518 291 2569 590
340 2507 445 2574 Cognita
458 2523 467 2559 t
481 2507 602 2557 commissi
620 2506 716 2571 praemia
729 2520 812 2573 raptor
825 2506 910 2557 habet.

301 2579 334 2629 llt
350 2596 429 2646 neque
440 2579 594 2646 Persephone
612 2580 682 2647 digna
698 2580 731 2628 esi
744 2580 859 2644 predone
876 2580 983 2642 marito;

340 2654 393 2702 Nec
410 2670 486 2721 gener
498 2655 547 2704 hoc
563 2654 633 2704 nobis
649 2660 717 2702 more‘
732 2654 849 2725 parandus
866 2666 928 2703 erat.

303 2726 368 2790 Quid
386 2728 500 2793 gravius,
517 2728 609 2777 vislore
627 2726 720 2794 Gyge,
738 2727 830 2791 captiva
845 2726 947 2781 tulissem

340 2799 418 2863 Quim
434 2818 517 2858 nunc,
535 2812 561 2849 te
578 2802 634 2851 coeli
650 2800 742 2863 sceptra
759 2811 879 2858 tenente,
899 2799 967 2850 tuli?

242 2886 291 2937 595
305 2872 398 2926 Verrim
412 2875 510 2941 impune
526 2875 608 2924 serat:
624 2888 667 2923 nos
683 2874 736 2921 haec
750 2872 868 2938 patiamur
881 2874 978 2926 inultae:

341 2948 455 3008 Reddat,
474 2948 500 2999 &
516 2948 630 2997 emendet
646 2945 705 2995 fasla
722 2946 802 3011 priora
819 2945 898 2995 novis.

304 3018 417 3085 luppiter
430 3023 492 3071 hanc
508 3020 586 3078 lenit,
609 3019 743 3086 sallumque
758 3018 856 3071 excusat
872 3033 965 3081 amore3

338 3094 392 3143 Nec
409 3112 485 3162 gener
499 3094 532 3146 est
547 3094 618 3145 nobis
634 3095 674 3145 ille
691 3093 838 3161 pudendus,
857 3088 901 3141 ait.
