2367 3942
287 442 366 514 226
399 437 926 509 P.0r11›11NAson'1s

288 564 358 626 Saepe
372 571 452 608 tamen
469 557 537 616 dixi,
556 556 604 606 Cui
620 571 684 606 nune
700 557 754 604 baec
771 571 827 604 cura
844 555 964 606 laborat?

325 633 364 682 An
377 627 434 681 mei
445 632 595 682 Sauromatae
609 629 695 695 scripta
714 629 834 694 Getaeque
851 630 936 695 legent
952 629 964 679 ἒ

243 723 276 773 95
290 709 358 772 Saepe
373 705 445 754 etiam
460 706 575 772 iacrymae
588 719 628 753 me
645 703 698 752 sum
716 703 834 751 scribente
849 704 977 767 prosusae,

326 777 478 843 Humidaque
492 777 526 826 est
538 777 600 826 fletu
614 777 684 825 litera
699 775 759 824 fasta
775 779 841 824 meo.

263 854 363 917 Corque
372 850 466 901 vetusta
475 867 571 907 meum,
581 863 701 914 tamquam
712 863 789 905 nova,
799 848 901 897 vulnera
912 848 1001 907 senrir;

326 927 401 992 Inque
415 924 494 974 sinum
510 922 596 973 maestae
611 921 699 971 labitur
714 921 791 970 imber
804 937 881 988 aqam.

290 996 352 1047 Crim
364 1031 373 1053 ,
389 996 445 1046 vice
455 996 566 1055 murati,
584 995 642 1062 quid
654 995 697 1044 sim
714 993 849 1058 fuerimque
860 995 979 1044 recordor
991 1028 1002 1053 ,

229 1087 279 1120 100
328 1070 360 1120 Et
375 1070 461 1119 rulerit
478 1068 528 1137 qud
543 1085 583 1117 me
600 1068 684 1124 casus,
702 1067 728 1117 δι
742 1067 826 1125 unde,
842 1065 926 1126 subit;

288 1145 359 1209 Saepe
374 1159 459 1192 manus
474 1143 591 1198 demens,
608 1141 688 1194 siudiis
703 1141 763 1188 irata
778 1139 911 1206 malignis,

325 1216 395 1265 Misit
408 1215 432 1264 in
448 1216 544 1264 arsuros
558 1215 660 1264 earmina
678 1212 756 1261 nosira
767 1213 853 1267 sucos,

288 1290 371 1354 Atque
380 1289 414 1338 ita
423 1289 454 1338 de
464 1287 562 1344 multis,
572 1286 686 1352 quoniam
696 1303 745 1335 non
756 1286 829 1335 mulsa
841 1287 981 1352 supersunt,

326 1361 389 1411 Cum
403 1361 475 1411 venia
489 1359 584 1417 sacito,
601 1360 710 1426 quisquis
726 1375 771 1417 es,
787 1357 827 1407 ista
841 1361 918 1426 legas.

260 1434 996 1501 Tuquoquenonmelius,qudmsuntmeatempora,tarmen,

228 1507 278 1556 106
327 1507 456 1558 Interdista
470 1507 545 1564 mihi,
565 1507 682 1564 consule,
697 1506 793 1563 Roma,
808 1505 876 1555 boni.

284 1595 944 1669 dmenffizzffi.

405 1712 661 1775 ELEGIA
712 1712 772 1774 11.

287 1809 345 1931 Ji
354 1883 377 1917 nr
393 1868 444 1918 sera
461 1867 595 1918 Cesaribus
612 1867 762 1927 Germania,
780 1881 850 1921 totus
869 1883 897 1924 ut
914 1873 977 1925 orbis
991 1908 1003 1932 ,

322 1942 393 1991 vida
407 1952 479 2007 potes
492 1940 558 1991 flexo
574 1939 724 1992 succrmuisse
739 1957 822 2009 genua

182 2064 185 2070 ,
287 2014 392 2081 Altaque
407 2018 520 2065 velentur
537 2015 634 2064 sortasse
650 2013 740 2065 Palatia
756 2017 847 2075 sentiae

265 2119 269 2127 ι
322 2089 438 2155 Turaque
452 2090 477 2138 in
491 2089 546 2156 igne
562 2089 667 2148 sonent,
684 2087 839 2156 inficiantque
857 2089 919 2140 diem
932 2108 941 2150 ς

261 2174 275 2224 5
289 2160 463 2228 Candidaque,
478 2162 578 2212 addua&
595 2163 684 2212 collum
698 2163 804 2227 percussa
820 2163 915 2222 securi,

322 2235 426 2286 Visiima
442 2251 566 2300 purpureo
583 2236 697 2300 sanguiue
713 2235 791 2301 ringet
807 2236 923 2286 humum:

284 2305 426 2373 Donaque,
444 2308 574 2356 amicorum
591 2307 689 2371 templis
703 2307 813 2372 promissa
828 2307 962 2368 Deorum,

323 2379 435 2429 Reddere
449 2379 554 2431 vidores
568 2379 651 2428 Caesar
665 2391 768 2444 uterque
782 2391 886 2446 parent:

285 2450 317 2500 Et
331 2452 371 2516 qui
385 2451 496 2502 Cesarea
513 2450 617 2515 juvenes
632 2451 673 2498 sub
689 2452 787 2500 nomine
804 2452 935 2510 crescunt,

244 2537 276 2572 10
324 2523 446 2587 Perpetuo
460 2533 537 2571 terras
553 2534 580 2571 ut
596 2522 681 2571 domus
695 2521 735 2570 ista
751 2536 839 2590 regar:

284 2585 393 2660 cumque
409 2594 480 2644 bonis
493 2595 592 2644 nuribus
606 2611 651 2660 pro
668 2595 755 2661 sospite
772 2594 840 2645 Livia
855 2605 914 2646 nato

235 2691 237 2698 ν
319 2667 423 2716 Munera
440 2667 483 2716 det
498 2669 610 2726 meritis,
628 2669 688 2734 saepe
705 2669 807 2727 datura,
825 2668 910 2720 Deis:

282 2738 316 2790 Et
330 2738 420 2805 pariter
433 2751 544 2799 matres,
563 2741 588 2791 ὃ(
606 2759 658 2807 quae
675 2739 727 2792 bine
744 2741 841 2793 crimine
858 2741 934 2794 castor

318 2809 440 2878 Perpetui
455 2813 551 2863 servant
566 2814 706 2882 ‘virginitate
725 2815 806 2866 sucos.

241 2897 252 2933 r
260 2897 271 2946 5
285 2881 358 2936 Plebs
371 2886 429 2954 pia,
445 2903 548 2955 cumque
562 2887 603 2954 piu
617 2889 731 2938 laetentur
743 2888 819 2939 Plebe
833 2889 957 2948 Senarns3

318 2956 443 3027 Parvaque
460 2959 528 3026 cujus
545 2977 610 3010 eram
625 2975 679 3028 pars
697 2977 745 3031 ego
760 2979 858 3031 nuper,
878 2963 971 3030 Eques.

273 3029 334 3081 ⁵Nos
350 3036 436 3097 procus
452 3034 565 3099 expulsos
583 3035 716 3085 communia
733 3037 818 3104 gaudia
832 3037 939 3086 saliunt:

317 3104 438 3175 Famaque
452 3118 502 3158 tam
516 3106 591 3179 iunge
607 3123 657 3161 non
673 3109 718 3161 nisi
733 3127 807 3176 parra
820 3109 896 3161 venir.
