2367 3942
259 430 800 510 Fasrornnzzn.111.
852 438 904 532 77

184 558 307 624 Terque,
323 559 408 617 Vale,
427 557 505 608 dixit:
520 559 614 609 cineres
627 569 666 608 ter
681 557 711 606 ad
728 555 771 607 or'a
784 560 876 617 relatos

224 629 336 689 Pressit,
352 632 379 681 δι
395 621 429 679 e'st
444 631 490 680 illis
506 630 556 681 visa
570 630 661 681 subelle
675 630 754 681 soror.

185 704 264 754 Nadla
273 716 352 754 ratem
362 703 524 770 comitemque
533 704 613 771 fugae,
625 705 689 771 pede
700 705 788 755 labitur
799 721 889 773 aequo,
912 703 961 768 565
1016 762 1019 768 1

222 776 319 827 Moenia
336 776 484 842 respiciens,
502 777 573 827 dulce
590 777 679 828 sororis
694 794 765 843 opus.
900 790 903 794 ’

183 850 284 901 Fertilis
302 848 336 899 est
351 849 441 901 Melite
458 848 528 900 sterili
543 850 624 900 vicina
641 849 742 917 Cosyrae

224 923 324 981 insula,
343 940 412 989 quarn
428 923 510 991 Libyci
524 924 638 973 verberat
652 923 714 973 unda
729 921 794 974 freti.

184 996 260 1046 Hanc
274 996 338 1061 petit
353 996 456 1063 hospitio
472 998 537 1065 regis
554 994 642 1047 confisa
659 995 762 1047 vetusto.
799 1020 801 1023 ⁴

224 1069 341 1135 Hospes,
360 1088 432 1137 opum
446 1070 533 1130 dives,
550 1087 594 1121 rex
610 1070 654 1121 tibi
671 1069 756 1120 Battus
772 1083 834 1121 erat.
911 1087 963 1135 570

186 1141 239 1206 Qui
255 1142 306 1209 post
321 1147 390 1211 quim
407 1134 573 1195 didicit'easus
588 1144 713 1210 utriusque
728 1144 838 1201 sororis3

225 1215 307 1272 Haec,
324 1217 420 1284 inquit,
438 1218 531 1275 tellus,
549 1218 786 1283 quantulacumque,
801 1229 843 1266 tua
859 1216 902 1267 eii.

185 1288 220 1338 Et
236 1300 316 1339 tamen
329 1289 429 1356 hospitii
443 1290 556 1341 servallet
569 1292 598 1341 ad
613 1291 697 1340 ultima
711 1306 816 1349 miurus,

224 1361 274 1411 Sed
289 1362 367 1413 timuit
384 1379 482 1429 magnas
498 1362 660 1429 Pygmalionis
678 1364 748 1427 opes.

185 1434 261 1502 Signa
277 1435 434 1486 recensuerat
448 1435 485 1483 bis
500 1434 543 1484 sol
558 1436 618 1485 sua:
629 1435 717 1485 tertius
732 1435 783 1483 ibat
913 1447 962 1499 575

223 1508 330 1567 Annus,
350 1509 376 1559 δι
391 1506 512 1557 exsulibus
526 1517 591 1555 terra
605 1506 712 1573 petenda
726 1520 789 1555 nova
803 1502 846 1554 et.

181 1578 272 1633 Frater
288 1580 374 1636 adest,
392 1580 508 1645 belloque
524 1578 595 1645 petit.
613 1577 668 1629 Rex
682 1594 746 1629 erma
762 1578 880 1645 perosus,

118 1710 122 1719 ι
222 1656 278 1705 Nos
297 1654 376 1704 sumus
390 1652 519 1711 imbelles,
539 1663 567 1702 tu
580 1652 638 1721 fuge
653 1651 751 1719 sospes,
771 1652 814 1702 ait.

182 1726 252 1781 Julla
263 1726 345 1795 fugit,
365 1738 489 1794 ventoque
503 1738 578 1778 ratem
595 1719 724 1777 committit
739 1725 764 1777 δι
780 1725 872 1785 undisa

220 1800 340 1866 Asperior
355 1799 441 1866 quovis
456 1816 554 1867 aequore
571 1800 646 1852 frater
661 1810 724 1851 erat.
910 1798 963 1861 580
1064 1836 1071 1844 .

179 1873 223 1925 Est
240 1886 319 1938 prope
336 1874 441 1939 piscosos
457 1874 559 1940 lapidosi
575 1873 698 1923 Crathidis
715 1888 797 1924 amnes
872 1881 881 1896 ⁰

220 1946 300 1996 Purus
314 1963 372 2014 ager
386 1962 394 1996 ι
409 1946 527 1996 Cameren
544 1947 625 1995 incola
639 1948 710 1995 turba
725 1956 825 1995 vocant.

181 2020 247 2070 Illuc
265 2020 348 2069 cursus
365 2031 419 2067 erat
430 2034 437 2067 ε
450 2034 496 2067 nec
511 2018 607 2083 longius
623 2019 700 2067 abfuit
714 2018 789 2076 inde,

222 2080 305 2155 Quim
322 2100 437 2156 quantum
452 2090 536 2139 novies
550 2089 647 2140 mittere
662 2090 735 2140 lunda
747 2088 834 2155 potest.
986 2148 991 2157 ῃ

183 2166 252 2218 Vela
266 2164 358 2213 cadunt
372 2158 468 2227 primo,
484 2162 509 2213 δι
525 2162 595 2213 dubii
610 2162 726 2213 librantur
739 2165 769 2213 ab
783 2181 849 2215 aura.
906 2163 939 2227 58
944 2178 958 2227 5

188 2278 191 2281 .
221 2237 319 2288 Findite
335 2236 455 2303 remigio,
473 2236 552 2287 navita
568 2237 627 2287 dixit
637 2254 744 2303 ,aquas

181 2311 301 2377 Dumque
316 2321 401 2376 parant
418 2322 486 2373 torto
501 2310 634 2361 subducere
648 2311 742 2362 carbasa
756 2310 825 2371 lino,

222 2383 363 2433 Percutitur
379 2384 463 2449 rapido
479 2384 564 2451 puppis
582 2384 675 2433 adunca
690 2385 779 2442 Noto;

180 2457 264 2522 lnque
282 2468 367 2521 patens
384 2474 482 2523 aequor,
499 2456 583 2507 frustra
597 2469 719 2526 pugnante
736 2456 864 2525 magistro,

222 2530 328 2580 Fertur:
344 2530 369 2579 &
384 2547 415 2580 err
432 2530 508 2579 oculis
521 2530 570 2580 visa
585 2531 677 2597 refugit
692 2530 787 2580 humus.
909 2542 961 2594 590

180 2602 311 2655 Adsiliunt
325 2600 430 2661 finnus,
448 2604 546 2669 imoque
561 2621 574 2653 a
591 2604 685 2670 gurgite
701 2615 798 2668 pontus'
830 2642 833 2647 .
939 2603 945 2613 ’

221 2674 356 2733 Vertitur,
374 2676 399 2726 ὅ(
415 2690 484 2727 canas
499 2677 582 2725 alveus
596 2676 675 2727 haurit
689 2685 784 2743 aquas(

181 2748 305 2800 Vincitur
322 2764 359 2799 ars
375 2762 450 2799 vento
462 2765 470 2799 t
482 2766 528 2799 nec
542 2748 588 2814 jam
602 2750 741 2799 moderator
753 2747 854 2798 habenis

220 2820 308 2871 Utitur
315 2836 329 2870 ¹:
344 2833 368 2870 at
383 2822 445 2872 votis
461 2820 501 2875 hic
518 2838 615 2889 quoque
630 2822 706 2888 poscit
723 2838 806 2887 opem.

182 2892 295 2946 latratur
302 2894 411 2965 ,tumidas
426 2896 491 2951 exsul
506 2894 622 2945 Phoeniil'a
636 2912 681 2960 per
693 2896 789 2952 undas,
908 2892 958 2956 '595

222 2966 376 3031 Humidaque
391 2968 501 3032 oppositi
514 2969 602 3018 lumina
616 2968 681 3018 veile
697 2967 770 3033 legit.
863 2992 867 2998 ·

179 3040 248 3090 Turn
263 3036 366 3105 primiim
382 3038 449 3089 Dido
463 3041 520 3090 felix
539 3041 572 3091 eli
586 3041 647 3090 ditia
662 3040 760 3096 sorori,

221 3112 253 3163 Et
266 3128 427 3183 quecumque
441 3112 543 3181 aliquam
559 3130 664 3180 corpore
678 3111 767 3182 pressit
780 3109 889 3184 humum.
911 3171 913 3174 Ι

790 3181 815 3228 D
829 3178 854 3239 iip
