2367 3942
287 324 335 455 8⁴8
365 382 430 453 ·P.
459 366 652 451 Orrurr
677 379 908 452 Nasonis

288 504 359 555 Neve
376 500 480 551 secuturi
497 500 591 565 possent
607 500 700 549 nescite
715 512 839 565 nepotes,

243 575 278 627 60
326 576 449 640 Tempora
464 573 510 623 Dis
527 574 623 641 generis
639 573 778 623 continuata
794 574 870 623 dedit.

286 648 336 699 Sed
351 648 456 698 Veneris
473 648 578 697 mensem
595 645 675 711 Grajo
690 646 801 696 sermone
816 658 927 696 notatum

323 722 439 789 Auguror
450 720 584 787 a'a‘spumis
600 718 634 769 eli
648 720 704 769 Dea
719 720 780 769 uiua
793 721 873 769 matis.

287 796 342 847 Nec
357 795 401 845 tibi
415 795 446 845 sit
461 794 546 843 mitum
562 792 642 860 Grajo
658 810 708 843 rem
725 792 822 843 nomine
839 791 909 851 dici,

244 900 248 913 ·
325 869 386 918 ltala
402 885 455 917 nam
472 869 544 917 tellus
560 865 657 916 Graecia
673 864 750 931 major
765 878 826 915 erat.

244 940 276 1005 65
289 943 401 996 Venerat
417 941 528 991 Evander
542 940 615 1005 pleni
629 956 683 987 curn
701 938 770 989 classe
787 940 903 996 suorum,
941 972 946 979 ·

325 1016 435 1065 Venerat
449 1014 565 1078 Alcides:
581 1011 670 1077 Grajus
684 1024 787 1078 uterque
803 1029 889 1081 genus.

287 1086 383 1153 Hospes
397 1087 526 1138 Aventinis
539 1098 672 1142 armentum
686 1085 758 1151 pavit·
767 1086 794 1134 in
808 1086 893 1135 herbis

327 1160 441 1227 claviger
453 1176 462 1217 ς
484 1160 509 1209 &
523 1170 592 1208 tanto
610 1158 643 1207 esi
656 1156 746 1207 Albula
761 1172 818 1224 pota
826 1159 903 1223 Deo.
1078 1193 1079 1222 ἶ

289 1232 347 1283 Dur
364 1250 460 1300 quoque
476 1232 585 1281 Neritius
598 1248 605 1281 :
618 1231 689 1281 tesles
705 1230 872 1299 Laestrygones
888 1230 999 1291 exstant,

244 1322 280 1371 70
328 1306 358 1355 Et
374 1308 439 1373 quod
453 1306 530 1355 adhuc
545 1305 630 1354 Circes
645 1306 742 1355 nomina
755 1306 813 1355 litus
826 1306 910 1356 habet.
1078 1307 1079 1310 ’

289 1380 322 1431 Et
337 1378 383 1445 jam
400 1378 542 1447 Telegoni,
561 1376 610 1441 jam
625 1379 712 1429 moenia
726 1377 823 1428 Tiburis
837 1370 880 1427 udi

228 1476 233 1489 ¹
325 1454 426 1503 Stabant
438 1470 445 1505 s
457 1452 579 1521 Argolica
595 1453 661 1518 quod
677 1452 780 1518 posuere
797 1468 890 1502 manus.

288 1526 400 1581 Venerat
415 1527 516 1577 Atrides
532 1525 589 1576 satis
604 1527 708 1593 agitatus
726 1524 827 1575 Halesus
840 1540 852 1582 3

233 1619 234 1625 ¹
325 1601 348 1649 A
365 1616 413 1666 quo
429 1600 453 1649 se
469 1600 634 1649 dictantem
649 1600 829 1664 Faliscaputat.

244 1686 277 1735 75
291 1671 509 1737 Adjice·Trojanae
526 1672 644 1723 suasorem
657 1672 782 1722 Antenora
796 1669 883 1734 pacis,

326 1745 357 1794 Et
375 1760 491 1812 generiam
505 1744 628 1804 Gniden,
648 1744 744 1808 Appule
758 1743 868 1800 Daune,
884 1756 965 1795 tuum.

181 1852 185 1859 ·
288 1817 363 1867 Serus
377 1820 408 1867 ab
421 1818 520 1878 Iliacis,
538 1819 563 1868 dt
578 1818 630 1883 post
646 1817 790 1872 Antenora,
808 1814 910 1865 flammis

326 1890 418 1943 Attulit
431 1888 522 1942 AEneas
538 1893 564 1959 in
577 1893 630 1941 loca
645 1886 722 1939 nostra
737 1889 818 1939 Deos.

289 1963 370 2030 Hujus
385 1977 437 2015 erat
452 1966 575 2024 Solimus,
592 1963 698 2032 Phrygia
713 1978 794 2012 comes
809 1960 876 2011 exsul
884 1963 922 2012 ab
938 1962 1008 2021 ldae
1077 1971 1079 1976 ⁴

246 2035 280 2087 80
328 2038 351 2087 A
368 2055 416 2105 quo
432 2039 553 2089 Sulmonis
568 2040 656 2089 moenia
670 2054 760 2087 nomen
774 2036 875 2086 habent.

289 2112 411 2163 Sulmonis
423 2114 497 2181 gelidi
509 2146 519 2171 ,
532 2112 636 2177 patriae,
654 2110 819 2165 Germanice,
834 2109 928 2174 nostrae.

328 2184 372 2233 Me
384 2184 513 2234 miserum-l
528 2184 644 2248 Scythico
655 2185 723 2246 quim
734 2183 821 2246 procul
832 2182 873 2231 illa
884 2184 936 2232 solo
948 2180 983 2231 est
995 2180 1003 2231 1

288 2256 355 2321 Ergo
365 2272 412 2323 ego
420 2254 430 2303 l
439 2270 486 2305 tam
497 2257 581 2320 longas
591 2253 633 2302 sed
644 2253 761 2317 supprime
770 2286 777 2311 ,
785 2252 870 2313 Musa,
879 2259 1008 2322 querelam

324 2328 380 2377 Non
395 2328 439 2377 tibi
452 2328 505 2377 sunt
519 2324 598 2375 maesti
612 2324 675 2373 sacta
689 2326 797 2375 canenda
812 2327 874 2395 syri.

246 2400 278 2464 85
294 2400 353 2466 Qud
367 2417 415 2451 non
428 2402 503 2450 Livor
515 2396 585 2449 abit?
606 2397 660 2447 suut
675 2399 714 2464 qui
725 2399 770 2449 tibi
785 2402 873 2451 mensis
883 2401 1007 2464 honorem

327 2472 442 2539 Eripuisse
457 2473 551 2531 velint,
570 2470 760 2539 invideantque,
777 2476 873 2527 Venus.

290 2548 372 2604 Nam,
389 2546 445 2613 quia
455 2547 509 2597 Ver
521 2546 600 2611 aperit
615 2559 675 2596 tunc
686 2547 781 2605 omnia,
799 2546 921 2614 densaque
937 2548 1012 2599 cedit

324 2621 342 2670 F
344 2620 429 2687 rigoris
444 2618 575 2683 asperitas,
592 2620 693 2687 setaque
705 2633 770 2670 terra
784 2618 866 2686 parit3

287 2692 395 2759 Aprilem
403 2706 548 2742 ‘memorant
565 2694 594 2743 ab
611 2706 697 2762 aperto
711 2706 823 2759 tempore
840 2691 958 2752 dislum3

243 2779 278 2830 90
326 2764 407 2829 Quem
422 2766 508 2817 Venus
523 2763 611 2830 injesii
625 2767 730 2816 vindicat
746 2768 806 2815 alma
821 2781 902 2815 manu.
927 2784 930 2789 ·

233 2844 234 2851 ’
287 2840 331 2891 illa
345 2838 441 2905 quidem
455 2850 534 2891 totum
551 2838 687 2905 dignissima
700 2851 823 2905 temperat
838 2839 922 2889 orbem
935 2856 949 2898 ς

325 2912 368 2961 llla
384 2924 453 2962 tenet
466 2912 532 2961 nullo
547 2927 621 2977 regna
638 2912 731 2961 minora
745 2913 803 2961 Deo
816 2929 828 2971 3

287 2986 394 3052 Juraque
408 2985 449 3035 dat
465 2987 549 3042 coelo,
564 2996 655 3043 terrae,
674 2985 792 3033 natalibus
807 2983 898 3042 undis3

323 3057 419 3126 Perque
435 3075 493 3111 suos
508 3059 580 3109 initus
597 3057 710 3107 continet
725 3074 796 3108 omne
810 3072 900 3125 genus.
