2367 3942
316 465 391 536 270
427 443 469 510 P.
498 442 692 513 orum
717 447 949 516 Nasonis

315 563 398 616 Rebus
410 562 475 614 idem
486 597 496 622 ,
509 562 583 614 titulo
600 562 697 614 differt:
711 564 737 616 δι
751 563 866 632 epistola,
883 567 924 616 cui
939 568 984 626 sir,

351 638 410 686 Non
425 638 550 686 occultato
565 637 683 694 nomine,
699 635 781 694 nitra,
799 638 884 686 docet.

316 711 373 769 Nec
386 726 432 759 vos
445 710 493 758 hoc
507 709 601 768 vultis,
619 709 660 758 sed
677 726 722 760 nec
737 709 868 774 prohibere
884 711 1000 777 potestis:

272 797 309 835 ιο
355 782 475 850 Musaque
488 783 520 831 ad
533 783 623 832 invitos
640 781 745 830 officiosa
761 783 840 830 venit.

318 854 441 920 Quicquid
450 855 475 904 id
484 855 517 904 eii
529 889 537 914 ,
554 853 659 921 adjunge
670 855 729 904 meis
740 871 747 903 :
761 855 819 903 nihil
830 853 932 919 impedit
943 869 1008 906 ortos

352 928 463 987 Exime,
480 928 579 980 servaris
595 929 710 995 legibus,
729 927 798 978 Urbe
813 927 870 980 frui.

318 999 394 1064 Quod
408 1015 503 1052 metuas
516 1017 567 1050 non
582 1001 616 1050 eii
628 1017 635 1050 t
648 1001 739 1049 Antoni
755 1001 842 1065 scripta
856 1002 991 1067 leguntur:
1077 1035 1078 1042 η

354 1073 449 1124 Βοέὶυς
465 1075 491 1124 &
505 1075 530 1122 in
545 1085 642 1143 promtu
659 1073 743 1122 scrinia
758 1071 847 1122 Brutus
863 1074 948 1123 habet.

275 1161 308 1208 25
320 1148 374 1196 Nec
387 1163 427 1197 me
441 1139 696 1204 nooinibus‘furiosus
713 1145 814 1196 confero
828 1145 921 1200 tantis:

356 1219 426 1270 Saeva
440 1220 511 1270 Deos
527 1231 613 1271 contra
627 1237 678 1269 non
693 1232 773 1268 tamen
787 1234 851 1267 arma
864 1218 922 1266 tuli.

318 1291 436 1358 Denique
451 1291 582 1351 Caesareo,
600 1293 665 1360 quod
681 1308 733 1342 nou
750 1290 871 1343 desiderat
885 1291 959 1356 ipse,

357 1366 416 1414 Non
433 1378 500 1415 caret
514 1380 529 1414 e
545 1365 629 1418 uostris
647 1365 709 1416 ullus
724 1364 818 1413 honore
835 1363 906 1412 liber.
976 1391 979 1396 ·

321 1437 348 1488 si
365 1437 459 1488 dubitas
475 1437 507 1487 de
522 1455 581 1497 me,
601 1439 683 1487 laudes
699 1437 797 1486 admitte
812 1435 946 1487 Deorum:

278 1521 313 1574 30
361 1510 393 1559 Et
409 1527 523 1569 carmen,
540 1511 623 1562 demto
635 1511 751 1567 nomine,
770 1509 833 1560 sume
849 1525 941 1558 meum.

321 1581 430 1647 Adiuvat
447 1585 472 1632 in
488 1584 553 1632 betto
570 1595 663 1648 pacatae
678 1599 756 1632 ramus
773 1583 864 1630 oiivae:

359 1654 474 1706 Proderit
484 1656 607 1706 auctorem
623 1655 691 1708 Pacis
704 1656 794 1706 habere
809 1651 886 1705 nihil?

322 1725 384 1776 ctm
399 1728 466 1777 foret
478 1725 565 1778 AEneae
581 1729 664 1777 cervix
680 1727 784 1790 subjetta
800 1725 915 1792 parenti,

357 1799 456 1848 Dicitur
471 1800 519 1864 ipsa
535 1801 589 1848 viro
604 1799 695 1850 flamma
710 1799 797 1848 dediffe
814 1799 885 1848 viam.

280 1884 313 1938 35
327 1871 385 1922 Fert
400 1873 462 1921 liber
472 1867 620 1930 AEneaden,
639 1873 665 1923 δι
676 1871 730 1921 'non
747 1872 795 1920 iter
810 1889 881 1921 omne
899 1869 1015 1936 patebit?

359 1943 394 1994 At
410 1945 493 2012 patriae
508 1957 579 2012 pater
595 1946 658 2004 hic,
675 1945 749 2012 ipsius
765 1946 807 1994 itte
825 1945 879 1994 fuit.
956 1955 960 1960 '

322 2015 413 2083 Ecquis
430 2019 465 2067 ita
482 2018 515 2068 est
530 2019 629 2076 audax,
646 2029 674 2068 ut
687 2018 767 2068 limine
784 2028 856 2084 cogat
872 2017 939 2068 abire

358 2090 493 2158 Jadiantem
509 2091 596 2142 Pharia
611 2092 703 2142 tinnula
718 2089 783 2140 sistra
801 2089 895 2139 manu?
977 2091 994 2122 ,·
1077 2133 1078 2146 ,

323 2162 389 2213 Ante
406 2163 488 2214 Deitm
502 2165 608 2214 Matrem
625 2180 701 2214 cornu
717 2162 809 2212 tibicen
825 2161 923 2212 adunco

280 2250 316 2298 40
364 2233 428 2286 cum
443 2239 528 2294 canit,
546 2237 639 2303 exigua
655 2236 708 2301 quis
723 2235 787 2300 stipis
800 2251 846 2284 aera
865 2233 963 2304 neget?

323 2309 417 2359 Scimus
432 2313 461 2358 ab
478 2309 580 2374 imperio
596 2307 649 2359 fieri
666 2308 699 2357 nil
716 2309 766 2358 tale
781 2308 888 2359 Dianae:

360 2381 432 2430 Unde
449 2396 529 2430 tamen
543 2382 626 2442 vivat,
644 2381 789 2430 vaticinator
805 2381 888 2430 habet.

324 2453 375 2518 Ipsa
390 2465 489 2502 movent
505 2453 597 2501 animos
610 2453 760 2518 superorum·
772 2453 868 2500 numina
883 2453 999 2514 nostros;
1077 2493 1078 2500 ,

360 2524 444 2589 Turpe
459 2541 504 2574 nec
519 2525 552 2573 est
567 2525 609 2575 tadi
624 2525 768 2574 credulitate
786 2525 847 2588 capi.

280 2612 313 2658 45
327 2597 363 2646 En
378 2611 445 2663 ego,
462 2614 507 2662 pro
523 2596 609 2656 sistro,
625 2597 770 2664 Phrygiique
785 2597 903 2648 foramine
920 2600 996 2656 buxi,
1077 2639 1078 2650 t

361 2666 449 2718 Gentis
462 2669 535 2719 litteae
550 2671 646 2720 nomina
661 2670 738 2719 saneta
751 2671 815 2719 fero.

322 2741 469 2799 Vaticinor‚
484 2759 641 2808 moneoque:
655 2743 747 2793 Locum
762 2742 817 2792 date
829 2743 894 2794 sacra
911 2745 1014 2796 ferentia
1077 2721 1078 2812 i

359 2815 417 2864 Non
432 2815 508 2872 mihi,
526 2815 566 2864 sed
583 2831 670 2882 magno
687 2815 792 2880 poscitur
810 2817 850 2866 iile
868 2819 937 2869 Deo.
1077 2819 1078 2828 ¹

323 2889 378 2936 Nec
396 2889 469 2953 quia,
486 2888 526 2937 vel
541 2890 638 2944 merui,
652 2889 693 2938 vel
710 2888 770 2938 sensi
787 2887 902 2956 Principis
917 2894 997 2951 iram,
1077 2897 1078 2940 i

281 2973 315 3021 50
361 2961 383 3008 Α
400 2961 470 3010 nobis
486 2961 560 3026 ipsum
576 2961 643 3010 nolle
662 2974 746 3028 putate
763 2963 820 3012 coli.

324 3032 382 3086 Vidi
399 3047 447 3098 ego
462 3033 570 3101 linigerae
585 3051 675 3084 numen
688 3035 785 3085 violasse
803 3037 919 3088 fatentem

360 3105 448 3166 laidis,
467 3106 558 3161 Isiacos
572 3121 629 3160 ante
647 3109 731 3163 sedere
746 3109 826 3164 focos.
