<?xml version="1.0" encoding="UTF-8"?>
<!DOCTYPE html PUBLIC "-//W3C//DTD XHTML 1.0 Transitional//EN"
    "http://www.w3.org/TR/xhtml1/DTD/xhtml1-transitional.dtd">
<html xmlns="http://www.w3.org/1999/xhtml" xml:lang="en" lang="en">
 <head>
  <title>
</title>
<meta http-equiv="Content-Type" content="text/html;charset=utf-8" />
  <meta name='ocr-system' content='tesseract 3.04.00' />
  <meta name='ocr-capabilities' content='ocr_page ocr_carea ocr_par ocr_line ocrx_word'/>
</head>
<body>
  <div class='ocr_page' id='page_1' title='image "./povidiinasoniso01heingoog_0302.png"; bbox 0 0 2367 3942; ppageno 0'>
   <div class='ocr_carea' id='block_1_1' title="bbox 175 391 742 535">
    <p class='ocr_par' dir='ltr' id='par_1_1' title="bbox 175 391 742 535">
     <span class='ocr_line' id='line_1_1' title="bbox 175 391 742 535; baseline 0.004 -28"><span class='ocrx_word' id='word_1_1' title='bbox 175 391 233 507; x_wconf 68' lang='grc' dir='ltr'>ιτ.</span> <span class='ocrx_word' id='word_1_2' title='bbox 261 455 320 507; x_wconf 73' lang='lat' dir='ltr'>ax</span> <span class='ocrx_word' id='word_1_3' title='bbox 346 441 489 507; x_wconf 74' lang='lat' dir='ltr'>Ponto</span> <span class='ocrx_word' id='word_1_4' title='bbox 518 439 557 509; x_wconf 89' lang='lat' dir='ltr'>L.</span> <span class='ocrx_word' id='word_1_5' title='bbox 586 441 641 510; x_wconf 91' lang='lat' dir='ltr'>II.</span> <span class='ocrx_word' id='word_1_6' title='bbox 671 459 742 535; x_wconf 81' lang='lat'>30¹</span> 
     </span>
    </p>
   </div>
   <div class='ocr_carea' id='block_1_2' title="bbox 175 556 789 3175">
    <p class='ocr_par' dir='ltr' id='par_1_2' title="bbox 175 556 657 622">
     <span class='ocr_line' id='line_1_2' title="bbox 175 556 657 622; baseline 0.002 -17"><span class='ocrx_word' id='word_1_7' title='bbox 175 573 185 605; x_wconf 90' lang='grc' dir='ltr'>,ι</span> <span class='ocrx_word' id='word_1_8' title='bbox 202 558 278 622; x_wconf 69' lang='lat' dir='ltr'>primi</span> <span class='ocrx_word' id='word_1_9' title='bbox 294 558 374 607; x_wconf 82' lang='lat' dir='ltr'>fuerat</span> <span class='ocrx_word' id='word_1_10' title='bbox 389 570 430 606; x_wconf 85' lang='lat' dir='ltr'>tna</span> <span class='ocrx_word' id='word_1_11' title='bbox 446 557 523 621; x_wconf 80' lang='lat' dir='ltr'>justa,</span> <span class='ocrx_word' id='word_1_12' title='bbox 542 573 587 606; x_wconf 90' lang='lat' dir='ltr'>nec</span> <span class='ocrx_word' id='word_1_13' title='bbox 605 556 657 622; x_wconf 83' lang='lat' dir='ltr'>ipso</span> 
     </span>
    </p>

    <p class='ocr_par' dir='ltr' id='par_1_3' title="bbox 175 629 578 696">
     <span class='ocr_line' id='line_1_3' title="bbox 175 629 578 696; baseline 0 -16"><span class='ocrx_word' id='word_1_14' title='bbox 175 663 184 687; x_wconf 83' lang='lat'>‚</span> <span class='ocrx_word' id='word_1_15' title='bbox 202 629 306 680; x_wconf 79' lang='lat' dir='ltr'>offensus</span> <span class='ocrx_word' id='word_1_16' title='bbox 322 632 363 696; x_wconf 81' lang='lat' dir='ltr'>qni</span> <span class='ocrx_word' id='word_1_17' title='bbox 377 631 432 679; x_wconf 84' lang='lat' dir='ltr'>mihi</span> <span class='ocrx_word' id='word_1_18' title='bbox 451 630 504 695; x_wconf 82' lang='lat' dir='ltr'>jure</span> <span class='ocrx_word' id='word_1_19' title='bbox 520 630 578 680; x_wconf 67' lang='lat' dir='ltr'>fuit·</span> 
     </span>
    </p>

    <p class='ocr_par' dir='ltr' id='par_1_4' title="bbox 175 702 648 772">
     <span class='ocr_line' id='line_1_4' title="bbox 175 702 648 772; baseline 0 -21"><span class='ocrx_word' id='word_1_20' title='bbox 175 705 225 752; x_wconf 81' lang='lat' dir='ltr'>&gt;lor</span> <span class='ocrx_word' id='word_1_21' title='bbox 241 704 323 768; x_wconf 65' lang='lat' dir='ltr'>pestus</span> <span class='ocrx_word' id='word_1_22' title='bbox 339 704 453 772; x_wconf 81' lang='lat' dir='ltr'>tetigiiset</span> <span class='ocrx_word' id='word_1_23' title='bbox 468 702 569 751; x_wconf 82' lang='lat' dir='ltr'>Caesaris</span> <span class='ocrx_word' id='word_1_24' title='bbox 583 703 648 759; x_wconf 90' lang='lat' dir='ltr'>alti,</span> 
     </span>
    </p>

    <p class='ocr_par' dir='ltr' id='par_1_5' title="bbox 175 777 531 842">
     <span class='ocr_line' id='line_1_5' title="bbox 175 777 531 842; baseline 0 -18"><span class='ocrx_word' id='word_1_25' title='bbox 175 777 254 825; x_wconf 75' lang='lat' dir='ltr'>:rabat</span> <span class='ocrx_word' id='word_1_26' title='bbox 267 777 376 842; x_wconf 75' lang='lat' dir='ltr'>prptinus</span> <span class='ocrx_word' id='word_1_27' title='bbox 394 777 440 826; x_wconf 82' lang='lat' dir='ltr'>effe</span> <span class='ocrx_word' id='word_1_28' title='bbox 455 788 531 825; x_wconf 85' lang='lat' dir='ltr'>tuum.</span> 
     </span>
    </p>

    <p class='ocr_par' dir='ltr' id='par_1_6' title="bbox 185 845 787 988">
     <span class='ocr_line' id='line_1_6' title="bbox 185 845 787 916; baseline -0.003 -16"><span class='ocrx_word' id='word_1_29' title='bbox 185 848 267 900; x_wconf 82' lang='lat' dir='ltr'>audin</span> <span class='ocrx_word' id='word_1_30' title='bbox 282 848 315 898; x_wconf 83' lang='lat' dir='ltr'>est</span> <span class='ocrx_word' id='word_1_31' title='bbox 330 849 415 900; x_wconf 81' lang='lat' dir='ltr'>nostrae</span> <span class='ocrx_word' id='word_1_32' title='bbox 431 850 474 898; x_wconf 87' lang='lat' dir='ltr'>tibi</span> <span class='ocrx_word' id='word_1_33' title='bbox 490 849 564 897; x_wconf 80' lang='lat' dir='ltr'>cladis</span> <span class='ocrx_word' id='word_1_34' title='bbox 581 849 671 916; x_wconf 83' lang='lat' dir='ltr'>otigo,</span> <span class='ocrx_word' id='word_1_35' title='bbox 756 845 787 910; x_wconf 77' lang='lat'>65</span> 
     </span>
     <span class='ocr_line' id='line_1_7' title="bbox 189 921 519 988; baseline 0.009 -19"><span class='ocrx_word' id='word_1_36' title='bbox 189 921 273 971; x_wconf 86' lang='lat' dir='ltr'>erratis</span> <span class='ocrx_word' id='word_1_37' title='bbox 292 921 430 988; x_wconf 74' lang='lat' dir='ltr'>ingemuisse</span> <span class='ocrx_word' id='word_1_38' title='bbox 450 922 519 972; x_wconf 81' lang='lat' dir='ltr'>meis.</span> 
     </span>
    </p>

    <p class='ocr_par' dir='ltr' id='par_1_7' title="bbox 175 994 613 1060">
     <span class='ocr_line' id='line_1_8' title="bbox 175 994 613 1060; baseline 0.002 -16"><span class='ocrx_word' id='word_1_39' title='bbox 175 1009 212 1044; x_wconf 80' lang='lat' dir='ltr'>me</span> <span class='ocrx_word' id='word_1_40' title='bbox 227 995 327 1054; x_wconf 71' lang='lat' dir='ltr'>primtim</span> <span class='ocrx_word' id='word_1_41' title='bbox 343 995 415 1044; x_wconf 77' lang='lat' dir='ltr'>solari</span> <span class='ocrx_word' id='word_1_42' title='bbox 431 997 499 1044; x_wconf 85' lang='lat' dir='ltr'>litera</span> <span class='ocrx_word' id='word_1_43' title='bbox 517 994 613 1060; x_wconf 59' lang='lat' dir='ltr'>caepim</span> 
     </span>
    </p>

    <p class='ocr_par' dir='ltr' id='par_1_8' title="bbox 175 1066 628 1134">
     <span class='ocr_line' id='line_1_9' title="bbox 175 1066 628 1134; baseline 0.004 -19"><span class='ocrx_word' id='word_1_44' title='bbox 175 1084 202 1115; x_wconf 87' lang='lat' dir='ltr'>m</span> <span class='ocrx_word' id='word_1_45' title='bbox 218 1066 281 1116; x_wconf 71' lang='lat' dir='ltr'>flesti</span> <span class='ocrx_word' id='word_1_46' title='bbox 298 1068 362 1132; x_wconf 86' lang='lat' dir='ltr'>spem</span> <span class='ocrx_word' id='word_1_47' title='bbox 379 1068 437 1116; x_wconf 81' lang='lat' dir='ltr'>dare</span> <span class='ocrx_word' id='word_1_48' title='bbox 454 1067 518 1134; x_wconf 80' lang='lat' dir='ltr'>poffe</span> <span class='ocrx_word' id='word_1_49' title='bbox 537 1068 628 1119; x_wconf 89' lang='lat' dir='ltr'>Deum.</span> 
     </span>
    </p>

    <p class='ocr_par' dir='ltr' id='par_1_9' title="bbox 176 1139 620 1207">
     <span class='ocr_line' id='line_1_10' title="bbox 176 1139 620 1207; baseline 0.007 -20"><span class='ocrx_word' id='word_1_50' title='bbox 176 1139 249 1188; x_wconf 80' lang='lat' dir='ltr'>icitiae</span> <span class='ocrx_word' id='word_1_51' title='bbox 264 1152 318 1188; x_wconf 87' lang='lat' dir='ltr'>tnm</span> <span class='ocrx_word' id='word_1_52' title='bbox 333 1151 359 1189; x_wconf 87' lang='lat' dir='ltr'>te</span> <span class='ocrx_word' id='word_1_53' title='bbox 377 1139 506 1190; x_wconf 82' lang='lat' dir='ltr'>constantia</span> <span class='ocrx_word' id='word_1_54' title='bbox 521 1142 620 1207; x_wconf 69' lang='lat' dir='ltr'>longe,</span> 
     </span>
    </p>

    <p class='ocr_par' dir='ltr' id='par_1_10' title="bbox 175 1214 789 1342">
     <span class='ocr_line' id='line_1_11' title="bbox 176 1214 789 1280; baseline -0.002 -20"><span class='ocrx_word' id='word_1_55' title='bbox 176 1228 213 1274; x_wconf 65' lang='lat' dir='ltr'>roe</span> <span class='ocrx_word' id='word_1_56' title='bbox 229 1224 296 1278; x_wconf 70' lang='lat' dir='ltr'>orins</span> <span class='ocrx_word' id='word_1_57' title='bbox 312 1231 363 1279; x_wconf 83' lang='lat' dir='ltr'>quae</span> <span class='ocrx_word' id='word_1_58' title='bbox 380 1214 436 1261; x_wconf 88' lang='lat' dir='ltr'>mihi</span> <span class='ocrx_word' id='word_1_59' title='bbox 455 1227 535 1280; x_wconf 80' lang='lat' dir='ltr'>coepta</span> <span class='ocrx_word' id='word_1_60' title='bbox 552 1214 607 1261; x_wconf 76' lang='lat' dir='ltr'>fuit.</span> <span class='ocrx_word' id='word_1_61' title='bbox 754 1226 789 1274; x_wconf 90' lang='lat'>70</span> 
     </span>
     <span class='ocr_line' id='line_1_12' title="bbox 175 1285 682 1342; baseline 0.002 -8"><span class='ocrx_word' id='word_1_62' title='bbox 175 1301 219 1335; x_wconf 81' lang='lat' dir='ltr'>rar</span> <span class='ocrx_word' id='word_1_63' title='bbox 232 1285 284 1335; x_wconf 80' lang='lat' dir='ltr'>aliis</span> <span class='ocrx_word' id='word_1_64' title='bbox 300 1286 394 1342; x_wconf 68' lang='lat' dir='ltr'>fastus,</span> <span class='ocrx_word' id='word_1_65' title='bbox 412 1287 468 1336; x_wconf 84' lang='lat' dir='ltr'>mihi</span> <span class='ocrx_word' id='word_1_66' title='bbox 485 1297 554 1336; x_wconf 85' lang='lat' dir='ltr'>natus</span> <span class='ocrx_word' id='word_1_67' title='bbox 571 1285 682 1335; x_wconf 81' lang='lat' dir='ltr'>amitus:</span> 
     </span>
    </p>

    <p class='ocr_par' dir='ltr' id='par_1_11' title="bbox 176 1358 654 1424">
     <span class='ocr_line' id='line_1_13' title="bbox 176 1358 654 1424; baseline -0.002 -18"><span class='ocrx_word' id='word_1_68' title='bbox 176 1374 196 1407; x_wconf 86' lang='lat' dir='ltr'>te</span> <span class='ocrx_word' id='word_1_69' title='bbox 212 1358 258 1407; x_wconf 87' lang='lat' dir='ltr'>tibi</span> <span class='ocrx_word' id='word_1_70' title='bbox 270 1359 295 1408; x_wconf 89' lang='lat' dir='ltr'>in</span> <span class='ocrx_word' id='word_1_71' title='bbox 312 1360 379 1408; x_wconf 75' lang='lat' dir='ltr'>cunia</span> <span class='ocrx_word' id='word_1_72' title='bbox 398 1360 479 1408; x_wconf 87' lang='lat' dir='ltr'>oscula</span> <span class='ocrx_word' id='word_1_73' title='bbox 496 1359 569 1424; x_wconf 88' lang='lat' dir='ltr'>prima</span> <span class='ocrx_word' id='word_1_74' title='bbox 589 1359 654 1406; x_wconf 82' lang='lat' dir='ltr'>dedi.</span> 
     </span>
    </p>

    <p class='ocr_par' dir='ltr' id='par_1_12' title="bbox 176 1429 771 1570">
     <span class='ocr_line' id='line_1_14' title="bbox 176 1429 771 1496; baseline -0.003 -17"><span class='ocrx_word' id='word_1_75' title='bbox 176 1447 198 1479; x_wconf 89' lang='grc' dir='ltr'>ιιι</span> <span class='ocrx_word' id='word_1_76' title='bbox 208 1430 285 1481; x_wconf 76' lang='lat' dir='ltr'>vestra</span> <span class='ocrx_word' id='word_1_77' title='bbox 295 1432 380 1480; x_wconf 80' lang='lat' dir='ltr'>domus</span> <span class='ocrx_word' id='word_1_78' title='bbox 389 1433 481 1481; x_wconf 80' lang='lat' dir='ltr'>teneris</span> <span class='ocrx_word' id='word_1_79' title='bbox 491 1432 551 1480; x_wconf 81' lang='lat' dir='ltr'>mihi</span> <span class='ocrx_word' id='word_1_80' title='bbox 563 1432 655 1496; x_wconf 83' lang='lat' dir='ltr'>semper</span> <span class='ocrx_word' id='word_1_81' title='bbox 665 1431 695 1478; x_wconf 80' lang='lat' dir='ltr'>ab</span> <span class='ocrx_word' id='word_1_82' title='bbox 704 1429 771 1478; x_wconf 82' lang='lat' dir='ltr'>annis</span> 
     </span>
     <span class='ocr_line' id='line_1_15' title="bbox 176 1502 681 1570; baseline 0.002 -18"><span class='ocrx_word' id='word_1_83' title='bbox 176 1505 208 1564; x_wconf 71' lang='lat' dir='ltr'>it,</span> <span class='ocrx_word' id='word_1_84' title='bbox 227 1502 275 1553; x_wconf 76' lang='lat' dir='ltr'>esse</span> <span class='ocrx_word' id='word_1_85' title='bbox 291 1518 362 1554; x_wconf 82' lang='lat' dir='ltr'>retus</span> <span class='ocrx_word' id='word_1_86' title='bbox 378 1521 440 1553; x_wconf 78' lang='lat' dir='ltr'>nune</span> <span class='ocrx_word' id='word_1_87' title='bbox 456 1506 501 1553; x_wconf 88' lang='lat' dir='ltr'>tibi</span> <span class='ocrx_word' id='word_1_88' title='bbox 517 1520 593 1570; x_wconf 83' lang='lat' dir='ltr'>cogor</span> <span class='ocrx_word' id='word_1_89' title='bbox 610 1520 681 1553; x_wconf 86' lang='lat' dir='ltr'>onus.</span> 
     </span>
    </p>

    <p class='ocr_par' dir='ltr' id='par_1_13' title="bbox 176 1576 786 1706">
     <span class='ocr_line' id='line_1_16' title="bbox 176 1576 786 1643; baseline 0 -18"><span class='ocrx_word' id='word_1_90' title='bbox 176 1578 209 1625; x_wconf 83' lang='lat' dir='ltr'>tte</span> <span class='ocrx_word' id='word_1_91' title='bbox 225 1590 313 1641; x_wconf 83' lang='lat' dir='ltr'>pater,</span> <span class='ocrx_word' id='word_1_92' title='bbox 331 1577 405 1625; x_wconf 79' lang='lat' dir='ltr'>Latiae</span> <span class='ocrx_word' id='word_1_93' title='bbox 419 1576 530 1626; x_wconf 78' lang='lat' dir='ltr'>facundia</span> <span class='ocrx_word' id='word_1_94' title='bbox 546 1578 657 1643; x_wconf 64' lang='lat' dir='ltr'>lingue,</span> <span class='ocrx_word' id='word_1_95' title='bbox 752 1588 786 1636; x_wconf 86' lang='lat'>75</span> 
     </span>
     <span class='ocr_line' id='line_1_17' title="bbox 176 1649 544 1706; baseline 0 -8"><span class='ocrx_word' id='word_1_96' title='bbox 176 1665 201 1698; x_wconf 86' lang='lat' dir='ltr'>m</span> <span class='ocrx_word' id='word_1_97' title='bbox 216 1649 319 1699; x_wconf 79' lang='lat' dir='ltr'>inferior</span> <span class='ocrx_word' id='word_1_98' title='bbox 334 1650 461 1698; x_wconf 83' lang='lat' dir='ltr'>nobilitate</span> <span class='ocrx_word' id='word_1_99' title='bbox 478 1650 544 1706; x_wconf 84' lang='lat' dir='ltr'>fuit,</span> 
     </span>
    </p>

    <p class='ocr_par' dir='ltr' id='par_1_14' title="bbox 176 1722 724 1861">
     <span class='ocr_line' id='line_1_18' title="bbox 176 1722 724 1776; baseline -0.004 -5"><span class='ocrx_word' id='word_1_100' title='bbox 176 1734 192 1771; x_wconf 86' lang='lat' dir='ltr'>tt</span> <span class='ocrx_word' id='word_1_101' title='bbox 206 1722 319 1772; x_wconf 76' lang='lat' dir='ltr'>auderem</span> <span class='ocrx_word' id='word_1_102' title='bbox 338 1724 490 1773; x_wconf 84' lang='lat' dir='ltr'>committere</span> <span class='ocrx_word' id='word_1_103' title='bbox 507 1723 611 1771; x_wconf 86' lang='lat' dir='ltr'>carmina</span> <span class='ocrx_word' id='word_1_104' title='bbox 628 1722 724 1776; x_wconf 77' lang='lat' dir='ltr'>Famae,</span> 
     </span>
     <span class='ocr_line' id='line_1_19' title="bbox 181 1794 551 1861; baseline 0.003 -17"><span class='ocrx_word' id='word_1_105' title='bbox 181 1794 293 1861; x_wconf 79' lang='lat' dir='ltr'>:ingenii</span> <span class='ocrx_word' id='word_1_106' title='bbox 310 1796 357 1845; x_wconf 85' lang='lat' dir='ltr'>dux</span> <span class='ocrx_word' id='word_1_107' title='bbox 372 1796 419 1845; x_wconf 78' lang='lat' dir='ltr'>fuit</span> <span class='ocrx_word' id='word_1_108' title='bbox 435 1798 476 1845; x_wconf 84' lang='lat' dir='ltr'>ille</span> <span class='ocrx_word' id='word_1_109' title='bbox 492 1796 551 1845; x_wconf 85' lang='lat' dir='ltr'>mei.</span> 
     </span>
    </p>

    <p class='ocr_par' dir='ltr' id='par_1_15' title="bbox 191 1866 696 1937">
     <span class='ocr_line' id='line_1_20' title="bbox 191 1866 696 1937; baseline 0.002 -21"><span class='ocrx_word' id='word_1_110' title='bbox 191 1867 223 1917; x_wconf 84' lang='lat' dir='ltr'>sit</span> <span class='ocrx_word' id='word_1_111' title='bbox 236 1866 338 1934; x_wconf 80' lang='lat' dir='ltr'>primtim</span> <span class='ocrx_word' id='word_1_112' title='bbox 353 1871 423 1918; x_wconf 79' lang='lat' dir='ltr'>nobit</span> <span class='ocrx_word' id='word_1_113' title='bbox 439 1886 453 1917; x_wconf 88' lang='lat' dir='ltr'>a</span> <span class='ocrx_word' id='word_1_114' title='bbox 470 1882 581 1937; x_wconf 87' lang='lat' dir='ltr'>tempore</span> <span class='ocrx_word' id='word_1_115' title='bbox 597 1870 696 1925; x_wconf 82' lang='lat' dir='ltr'>cuitus,</span> 
     </span>
    </p>

    <p class='ocr_par' dir='ltr' id='par_1_16' title="bbox 176 1937 784 2154">
     <span class='ocr_line' id='line_1_21' title="bbox 176 1937 784 2005; baseline 0.003 -16"><span class='ocrx_word' id='word_1_116' title='bbox 176 1940 202 1989; x_wconf 80' lang='lat' dir='ltr'>i&#39;e</span> <span class='ocrx_word' id='word_1_117' title='bbox 218 1940 316 1993; x_wconf 80' lang='lat' dir='ltr'>fratrem</span> <span class='ocrx_word' id='word_1_118' title='bbox 332 1942 398 2005; x_wconf 80' lang='lat' dir='ltr'>poffe</span> <span class='ocrx_word' id='word_1_119' title='bbox 417 1942 510 1993; x_wconf 80' lang='lat' dir='ltr'>referre</span> <span class='ocrx_word' id='word_1_120' title='bbox 524 1956 602 1992; x_wconf 86' lang='lat' dir='ltr'>tuum.</span> <span class='ocrx_word' id='word_1_121' title='bbox 749 1937 784 1986; x_wconf 76' lang='lat'>80</span> 
     </span>
     <span class='ocr_line' id='line_1_22' title="bbox 182 2014 749 2083; baseline -0.004 -21"><span class='ocrx_word' id='word_1_122' title='bbox 182 2015 239 2064; x_wconf 74' lang='lat' dir='ltr'>ante</span> <span class='ocrx_word' id='word_1_123' title='bbox 256 2029 340 2063; x_wconf 75' lang='lat' dir='ltr'>omnes</span> <span class='ocrx_word' id='word_1_124' title='bbox 354 2016 386 2063; x_wconf 85' lang='lat' dir='ltr'>ita</span> <span class='ocrx_word' id='word_1_125' title='bbox 404 2014 452 2063; x_wconf 82' lang='lat' dir='ltr'>sum</span> <span class='ocrx_word' id='word_1_126' title='bbox 470 2018 628 2083; x_wconf 82' lang='lat' dir='ltr'>complexus,</span> <span class='ocrx_word' id='word_1_127' title='bbox 646 2026 674 2062; x_wconf 87' lang='lat' dir='ltr'>ut</span> <span class='ocrx_word' id='word_1_128' title='bbox 689 2028 749 2063; x_wconf 85' lang='lat' dir='ltr'>unus</span> 
     </span>
     <span class='ocr_line' id='line_1_23' title="bbox 176 2086 566 2154; baseline 0.005 -19"><span class='ocrx_word' id='word_1_129' title='bbox 176 2086 294 2137; x_wconf 82' lang='lat' dir='ltr'>tin&#39;casu</span> <span class='ocrx_word' id='word_1_130' title='bbox 309 2088 383 2154; x_wconf 80' lang='lat' dir='ltr'>gratia</span> <span class='ocrx_word' id='word_1_131' title='bbox 400 2088 476 2137; x_wconf 76' lang='lat' dir='ltr'>nostra</span> <span class='ocrx_word' id='word_1_132' title='bbox 491 2089 566 2139; x_wconf 83' lang='lat' dir='ltr'>fores.</span> 
     </span>
    </p>

    <p class='ocr_par' dir='ltr' id='par_1_17' title="bbox 189 2160 640 2227">
     <span class='ocr_line' id='line_1_24' title="bbox 189 2160 640 2227; baseline 0 -19"><span class='ocrx_word' id='word_1_133' title='bbox 189 2171 272 2208; x_wconf 86' lang='lat' dir='ltr'>tecum</span> <span class='ocrx_word' id='word_1_134' title='bbox 285 2160 362 2218; x_wconf 83' lang='lat' dir='ltr'>v&#39;idit,</span> <span class='ocrx_word' id='word_1_135' title='bbox 379 2160 510 2227; x_wconf 66' lang='lat' dir='ltr'>maestisque</span> <span class='ocrx_word' id='word_1_136' title='bbox 525 2162 640 2210; x_wconf 80' lang='lat' dir='ltr'>cadentes</span> 
     </span>
    </p>

    <p class='ocr_par' dir='ltr' id='par_1_18' title="bbox 190 2229 594 2300">
     <span class='ocr_line' id='line_1_25' title="bbox 190 2229 594 2300; baseline 0.002 -19"><span class='ocrx_word' id='word_1_137' title='bbox 190 2232 308 2300; x_wconf 78' lang='lat' dir='ltr'>lacrymas</span> <span class='ocrx_word' id='word_1_138' title='bbox 326 2229 431 2283; x_wconf 78' lang='lat' dir='ltr'>AEthalis</span> <span class='ocrx_word' id='word_1_139' title='bbox 449 2234 498 2282; x_wconf 82' lang='lat' dir='ltr'>Ilva</span> <span class='ocrx_word' id='word_1_140' title='bbox 516 2236 594 2300; x_wconf 81' lang='lat' dir='ltr'>genis.</span> 
     </span>
    </p>

    <p class='ocr_par' dir='ltr' id='par_1_19' title="bbox 176 2302 780 2444">
     <span class='ocr_line' id='line_1_26' title="bbox 176 2302 780 2371; baseline -0.007 -16"><span class='ocrx_word' id='word_1_141' title='bbox 176 2306 304 2371; x_wconf 66' lang='lat' dir='ltr'>merenti,</span> <span class='ocrx_word' id='word_1_142' title='bbox 324 2322 380 2355; x_wconf 87' lang='lat' dir='ltr'>num</span> <span class='ocrx_word' id='word_1_143' title='bbox 396 2324 470 2356; x_wconf 81' lang='lat' dir='ltr'>verus</span> <span class='ocrx_word' id='word_1_144' title='bbox 485 2307 586 2355; x_wconf 83' lang='lat' dir='ltr'>nuncius</span> <span class='ocrx_word' id='word_1_145' title='bbox 606 2305 683 2362; x_wconf 63' lang='lat' dir='ltr'>estet,</span> <span class='ocrx_word' id='word_1_146' title='bbox 749 2302 780 2364; x_wconf 88' lang='lat'>85</span> 
     </span>
     <span class='ocr_line' id='line_1_27' title="bbox 178 2379 681 2444; baseline 0.002 -18"><span class='ocrx_word' id='word_1_147' title='bbox 178 2389 190 2427; x_wconf 87' lang='lat' dir='ltr'>t</span> <span class='ocrx_word' id='word_1_148' title='bbox 206 2379 284 2443; x_wconf 66' lang='lat' dir='ltr'>calpa</span> <span class='ocrx_word' id='word_1_149' title='bbox 299 2394 369 2444; x_wconf 84' lang='lat' dir='ltr'>quern</span> <span class='ocrx_word' id='word_1_150' title='bbox 385 2380 520 2428; x_wconf 63' lang='lat' dir='ltr'>malamina</span> <span class='ocrx_word' id='word_1_151' title='bbox 536 2393 617 2435; x_wconf 79' lang='lat' dir='ltr'>meae3</span> <span class='ocrx_word' id='word_1_152' title='bbox 675 2381 681 2394; x_wconf 90' lang='lat'>&#39;</span> 
     </span>
    </p>

    <p class='ocr_par' dir='ltr' id='par_1_20' title="bbox 176 2449 645 2517">
     <span class='ocr_line' id='line_1_28' title="bbox 176 2449 645 2517; baseline 0 -18"><span class='ocrx_word' id='word_1_153' title='bbox 176 2449 240 2500; x_wconf 62' lang='lat' dir='ltr'>affirm</span> <span class='ocrx_word' id='word_1_154' title='bbox 253 2451 343 2510; x_wconf 69' lang='lat' dir='ltr'>dubie,</span> <span class='ocrx_word' id='word_1_155' title='bbox 360 2452 479 2517; x_wconf 70' lang='lat' dir='ltr'>dubieque</span> <span class='ocrx_word' id='word_1_156' title='bbox 496 2465 624 2517; x_wconf 86' lang='lat' dir='ltr'>negantem</span> <span class='ocrx_word' id='word_1_157' title='bbox 636 2484 645 2507; x_wconf 89' lang='lat'>‚</span> 
     </span>
    </p>

    <p class='ocr_par' dir='ltr' id='par_1_21' title="bbox 176 2524 625 2589">
     <span class='ocr_line' id='line_1_29' title="bbox 176 2524 625 2589; baseline 0.002 -17"><span class='ocrx_word' id='word_1_158' title='bbox 176 2539 211 2581; x_wconf 85' lang='lat' dir='ltr'>n,</span> <span class='ocrx_word' id='word_1_159' title='bbox 231 2524 329 2589; x_wconf 77' lang='lat' dir='ltr'>pavidas</span> <span class='ocrx_word' id='word_1_160' title='bbox 345 2525 418 2584; x_wconf 74' lang='lat' dir='ltr'>dante</span> <span class='ocrx_word' id='word_1_161' title='bbox 433 2526 520 2574; x_wconf 84' lang='lat' dir='ltr'>timore</span> <span class='ocrx_word' id='word_1_162' title='bbox 537 2538 625 2574; x_wconf 80' lang='lat' dir='ltr'>notas:</span> 
     </span>
    </p>

    <p class='ocr_par' dir='ltr' id='par_1_22' title="bbox 176 2595 720 2662">
     <span class='ocr_line' id='line_1_30' title="bbox 176 2595 720 2662; baseline 0 -17"><span class='ocrx_word' id='word_1_163' title='bbox 176 2612 195 2646; x_wconf 73' lang='grc' dir='ltr'>,ε</span> <span class='ocrx_word' id='word_1_164' title='bbox 205 2597 290 2654; x_wconf 77' lang='lat' dir='ltr'>&#39;nivis‚</span> <span class='ocrx_word' id='word_1_165' title='bbox 307 2614 375 2662; x_wconf 85' lang='lat' dir='ltr'>quam</span> <span class='ocrx_word' id='word_1_166' title='bbox 391 2598 463 2648; x_wconf 77' lang='lat' dir='ltr'>solvit</span> <span class='ocrx_word' id='word_1_167' title='bbox 478 2599 600 2662; x_wconf 81' lang='lat' dir='ltr'>aquaticus</span> <span class='ocrx_word' id='word_1_168' title='bbox 618 2595 720 2653; x_wconf 75' lang='lat' dir='ltr'>Auster.</span> 
     </span>
    </p>

    <p class='ocr_par' dir='ltr' id='par_1_23' title="bbox 176 2670 779 2881">
     <span class='ocr_line' id='line_1_31' title="bbox 176 2670 779 2739; baseline -0.003 -20"><span class='ocrx_word' id='word_1_169' title='bbox 176 2686 204 2719; x_wconf 87' lang='lat' dir='ltr'>er</span> <span class='ocrx_word' id='word_1_170' title='bbox 216 2670 332 2720; x_wconf 79' lang='lat' dir='ltr'>attonitas</span> <span class='ocrx_word' id='word_1_171' title='bbox 348 2671 398 2719; x_wconf 79' lang='lat' dir='ltr'>ibat</span> <span class='ocrx_word' id='word_1_172' title='bbox 413 2672 499 2721; x_wconf 84' lang='lat' dir='ltr'>oborta</span> <span class='ocrx_word' id='word_1_173' title='bbox 516 2687 600 2739; x_wconf 80' lang='lat' dir='ltr'>genas.</span> <span class='ocrx_word' id='word_1_174' title='bbox 632 2690 635 2695; x_wconf 95' lang='lat'>·</span> <span class='ocrx_word' id='word_1_175' title='bbox 745 2682 779 2731; x_wconf 88' lang='lat'>90</span> 
     </span>
     <span class='ocr_line' id='line_1_32' title="bbox 191 2743 708 2809; baseline -0.002 -17"><span class='ocrx_word' id='word_1_176' title='bbox 191 2743 320 2801; x_wconf 63' lang='lat' dir='ltr'>referem</span> <span class='ocrx_word' id='word_1_177' title='bbox 340 2744 365 2793; x_wconf 86' lang='lat'>&amp;</span> <span class='ocrx_word' id='word_1_178' title='bbox 380 2744 445 2809; x_wconf 86' lang='lat' dir='ltr'>quod</span> <span class='ocrx_word' id='word_1_179' title='bbox 459 2761 513 2793; x_wconf 88' lang='lat' dir='ltr'>tnea</span> <span class='ocrx_word' id='word_1_180' title='bbox 528 2745 626 2793; x_wconf 85' lang='lat' dir='ltr'>crimina</span> <span class='ocrx_word' id='word_1_181' title='bbox 640 2743 708 2808; x_wconf 88' lang='lat' dir='ltr'>primi</span> 
     </span>
     <span class='ocr_line' id='line_1_33' title="bbox 177 2815 525 2881; baseline 0.009 -17"><span class='ocrx_word' id='word_1_182' title='bbox 177 2815 244 2864; x_wconf 71' lang='lat' dir='ltr'>venii</span> <span class='ocrx_word' id='word_1_183' title='bbox 260 2815 326 2881; x_wconf 84' lang='lat' dir='ltr'>posse</span> <span class='ocrx_word' id='word_1_184' title='bbox 341 2818 416 2867; x_wconf 82' lang='lat' dir='ltr'>latere</span> <span class='ocrx_word' id='word_1_185' title='bbox 432 2817 502 2867; x_wconf 85' lang='lat' dir='ltr'>vides</span> <span class='ocrx_word' id='word_1_186' title='bbox 517 2834 525 2874; x_wconf 90' lang='lat'>;</span> 
     </span>
    </p>

    <p class='ocr_par' dir='ltr' id='par_1_24' title="bbox 177 2888 625 2955">
     <span class='ocr_line' id='line_1_34' title="bbox 177 2888 625 2955; baseline -0.002 -18"><span class='ocrx_word' id='word_1_187' title='bbox 177 2888 271 2954; x_wconf 70' lang='lat' dir='ltr'>ttiquum</span> <span class='ocrx_word' id='word_1_188' title='bbox 287 2891 357 2955; x_wconf 69' lang='lat' dir='ltr'>lapsis</span> <span class='ocrx_word' id='word_1_189' title='bbox 373 2891 396 2939; x_wconf 89' lang='lat' dir='ltr'>in</span> <span class='ocrx_word' id='word_1_190' title='bbox 414 2893 485 2940; x_wconf 77' lang='lat' dir='ltr'>rebus</span> <span class='ocrx_word' id='word_1_191' title='bbox 502 2891 625 2945; x_wconf 83' lang='lat' dir='ltr'>amicum,</span> 
     </span>
    </p>

    <p class='ocr_par' dir='ltr' id='par_1_25' title="bbox 177 2961 595 3028">
     <span class='ocr_line' id='line_1_35' title="bbox 177 2961 595 3028; baseline 0.002 -19"><span class='ocrx_word' id='word_1_192' title='bbox 177 2965 233 3026; x_wconf 78' lang='lat' dir='ltr'>tqtie</span> <span class='ocrx_word' id='word_1_193' title='bbox 244 2961 315 3028; x_wconf 78' lang='lat' dir='ltr'>jurat</span> <span class='ocrx_word' id='word_1_194' title='bbox 326 2965 426 3011; x_wconf 85' lang='lat' dir='ltr'>vulnera</span> <span class='ocrx_word' id='word_1_195' title='bbox 443 2962 521 3012; x_wconf 80' lang='lat' dir='ltr'>nostra</span> <span class='ocrx_word' id='word_1_196' title='bbox 537 2962 595 3011; x_wconf 85' lang='lat' dir='ltr'>tuis.</span> 
     </span>
    </p>

    <p class='ocr_par' dir='ltr' id='par_1_26' title="bbox 177 3034 775 3175">
     <span class='ocr_line' id='line_1_36' title="bbox 189 3034 775 3100; baseline 0 -17"><span class='ocrx_word' id='word_1_197' title='bbox 189 3034 287 3100; x_wconf 75' lang='lat' dir='ltr'>optandi</span> <span class='ocrx_word' id='word_1_198' title='bbox 301 3036 321 3083; x_wconf 78' lang='lat' dir='ltr'>si</span> <span class='ocrx_word' id='word_1_199' title='bbox 337 3036 407 3084; x_wconf 78' lang='lat' dir='ltr'>nobis</span> <span class='ocrx_word' id='word_1_200' title='bbox 422 3037 491 3099; x_wconf 82' lang='lat' dir='ltr'>copia</span> <span class='ocrx_word' id='word_1_201' title='bbox 506 3034 566 3089; x_wconf 88' lang='lat' dir='ltr'>fiat,</span> <span class='ocrx_word' id='word_1_202' title='bbox 741 3046 775 3098; x_wconf 84' lang='lat'>95</span> 
     </span>
     <span class='ocr_line' id='line_1_37' title="bbox 177 3108 687 3175; baseline -0.002 -17"><span class='ocrx_word' id='word_1_203' title='bbox 177 3123 199 3158; x_wconf 86' lang='lat' dir='ltr'>te</span> <span class='ocrx_word' id='word_1_204' title='bbox 215 3108 351 3175; x_wconf 77' lang='lat' dir='ltr'>promerito</span> <span class='ocrx_word' id='word_1_205' title='bbox 366 3109 493 3159; x_wconf 72' lang='lat' dir='ltr'>commoda</span> <span class='ocrx_word' id='word_1_206' title='bbox 509 3108 574 3158; x_wconf 84' lang='lat' dir='ltr'>mille</span> <span class='ocrx_word' id='word_1_207' title='bbox 590 3123 687 3173; x_wconf 84' lang='lat' dir='ltr'>precer.</span> 
     </span>
    </p>
   </div>
   <div class='ocr_carea' id='block_1_3' title="bbox 0 0 1191 3942">
    <p class='ocr_par' dir='ltr' id='par_1_27' title="bbox 0 0 1191 3942">
     <span class='ocr_line' id='line_1_38' title="bbox 0 0 1191 3942; baseline 0 0"><span class='ocrx_word' id='word_1_208' title='bbox 0 0 1191 3942; x_wconf 95' lang='lat' dir='ltr'> </span> 
     </span>
    </p>
   </div>
  </div>
 </body>
</html>
