2367 3942
145 352 146 405 ³
349 394 401 468 70
450 371 492 440 P.
522 371 720 442 Oraurr
744 372 922 441 Nasonis

349 494 457 559 Quoque
471 492 545 542 modo
559 489 638 558 possit
651 490 764 546 fulmen,
781 488 893 549 monime,
904 492 961 559 piari.
987 490 992 497 “
1038 487 1039 494 ’

386 567 426 616 Sic
442 567 538 616 Numa:
551 564 585 615 sic
602 562 712 631 quatiens
726 578 809 612 cornua
820 564 891 613 laurus
902 567 936 614 ait.

346 639 437 707 Magna
453 639 517 705 petis
528 670 537 697 .
556 654 603 687 nec
617 652 671 703 qua
683 636 778 686 monitu
788 636 826 685 tibi
836 636 906 687 discere
917 637 984 691 nadre

385 714 430 763 Fas
444 713 475 763 sit
486 726 494 763 t
505 713 595 762 habent
609 709 671 761 fines
686 708 783 759 numina
795 708 857 759 nodia
867 710 918 759 lum.

285 801 336 855 315
350 786 385 836 Di
400 785 478 835 sumus
493 784 618 853 agrestes,
635 784 661 834 u
675 783 717 848 qui
731 781 946 835 dominemurinaltis

384 858 530 909 Montibus:
543 857 666 908 arbitrium
682 855 716 905 eil
730 855 755 905 in
769 856 807 905 sua
818 857 858 907 tela
871 855 926 908 lori.
1009 913 1014 921 ,

320 948 325 959 ·
346 930 420 983 Hunc
434 946 461 981 tu
475 948 524 981 non
539 930 632 997 poteris
646 946 690 997 per
703 942 730 978 te
747 929 854 979 deducere
865 931 937 990 stel03

383 1005 417 1054 At
432 1005 525 1071 poteris
541 1003 620 1053 nostri
635 1002 737 1053 forsitan
753 1002 805 1052 usus
818 1018 867 1068 ope.

349 1077 454 1128 Dixerat
467 1079 519 1127 haec
534 1078 630 1128 Faunus
641 1092 649 1127 ε
662 1092 705 1142 par
720 1075 755 1125 est
770 1075 873 1126 sententie
886 1073 940 1128 Pici.

285 1164 337 1219 320
385 1150 466 1200 Deme
481 1162 562 1199 tamen
578 1150 648 1200 nobis
663 1149 779 1207 vincula,
798 1148 861 1199 Picus
872 1148 910 1199 ait.

345 1220 456 1288 Iuppiter
470 1223 517 1272 huc
532 1223 634 1280 veniet,
651 1222 730 1272 validi
744 1220 852 1272 dedudus
862 1223 890 1271 ab
903 1233 970 1282 atter

382 1297 470 1345 Nubila
487 1296 600 1361 promissi
615 1295 676 1362 Styx
691 1294 749 1343 mihi
762 1294 824 1345 tellis
838 1295 892 1346 etit.

343 1366 433 1418 Emissi
445 1368 502 1435 quid
517 1382 589 1437 agant
603 1367 712 1435 laqueis,
731 1384 784 1435 qua
799 1367 894 1417 carmina
907 1366 1001 1431 dicant,

382 1442 486 1509 Quique
501 1444 598 1493 trahant
611 1442 703 1509 superis
719 1442 812 1493 sedibus
825 1452 875 1491 arte
891 1440 974 1493 larem
987 1460 996 1503 3

282 1528 332 1581 325
347 1514 414 1564 Scire
430 1517 499 1567 nefas
514 1517 605 1569 bomini
616 1533 623 1566 t
636 1517 705 1566 nobis
721 1513 828 1566 coneeffa
841 1527 974 1576 canantur,
1032 1557 1036 1563 .

354 1606 360 1620 s
381 1586 491 1655 Quasque
508 1590 549 1652 pio
565 1589 613 1638 dici
628 1590 689 1637 vatis
704 1590 734 1637 ab
750 1603 793 1638 ore
805 1588 873 1639 licet.

343 1658 449 1708 Eliciunt
465 1662 530 1707 caelo
543 1671 587 1717 te,
604 1658 716 1723 luppiter
727 1675 735 1709 t
747 1660 811 1709 unde
824 1662 930 1711 minores

378 1732 449 1781 Nunc
466 1746 562 1797 quoque
576 1744 603 1779 te
619 1733 762 1788 celebrant,
778 1732 932 1800 Eliciumque
945 1745 1039 1783 vocant

343 1800 443 1852 Conllat
458 1803 586 1852 Aventina
602 1802 723 1851 tremuisse
739 1807 867 1855 eacumina
882 1807 974 1865 silua

281 1891 293 1944 3
299 1891 333 1945 30
380 1875 505 1941 Terraque
522 1876 625 1926 subsedit
640 1877 749 1943 pondere
765 1877 844 1943 prell'a
859 1878 942 1931 lovis.

343 1948 426 1999 Corda
440 1950 529 1999 micant
544 1950 608 2019 regis
619 1966 627 2000 ε
639 1963 744 2018 totoque
759 1968 773 2001 e
789 1951 897 2018 pedore
912 1952 1015 2020 sanguis

378 2021 469 2091 Fugitr
489 2024 514 2075 δι
529 2024 625 2075 hirsutae
640 2025 762 2093 diriguere
777 2042 872 2078 comae.

340 2096 377 2146 Ut
391 2096 464 2146 rediit
478 2098 590 2156 animus,
607 2099 648 2147 Da
665 2112 731 2149 certa
745 2099 852 2163 piamina
866 2132 875 2157 ‚
894 2097 984 2156 dixit,

378 2168 508 2226 Fulminis,
524 2172 627 2220 altorum
642 2170 746 2233 Rexque
760 2170 892 2235 Paterque
909 2170 1017 2221 Deirm.

279 2253 292 2307 3
298 2254 330 2306 35
343 2240 369 2290 Si
385 2253 425 2290 tua
441 2242 585 2309 contigimus
601 2241 708 2289 manibus
725 2241 828 2290 donaria
844 2240 921 2306 puris
936 2257 947 2297 ς

376 2312 433 2364 Hoc
448 2332 565 2381 quoque,
581 2312 646 2379 quod
661 2312 773 2378 petitur,
788 2313 809 2362 si
826 2313 872 2377 pia
889 2311 987 2376 lingua
1001 2332 1038 2365 to

341 2384 435 2436 Annuit
449 2388 526 2436 oranti
539 2404 547 2444 ς
567 2386 608 2435 sed
623 2401 708 2433 verum
723 2386 829 2452 ambage
845 2382 963 2432 remoti

375 2459 491 2514 Abdidit,
511 2458 536 2508 δι
554 2458 627 2507 dubio
641 2457 728 2508 terruit
743 2474 788 2507 ote
806 2458 913 2506 virum.

344 2529 419 2580 Caede
434 2542 524 2595 caput,
543 2530 611 2580 dixit.
624 2530 671 2579 Cui
684 2547 747 2589 rex,
768 2529 935 2580 Parebimus
948 2561 958 2589 ,
982 2526 1040 2597 inq¹

276 2617 331 2673 340
377 2600 499 2651 Caedenda
517 2602 549 2651 est
565 2604 643 2654 hortis
660 2616 728 2652 eruta
746 2620 810 2670 cepa
830 2602 922 2652 meis.

337 2674 435 2726 Addidit
445 2675 484 2723 hic
495 2709 503 2733 ,
516 2675 626 2727 Hominis
639 2692 647 2726 a
659 2676 785 2734 Summos,
799 2677 842 2725 ait
856 2676 910 2725 ille
924 2710 936 2733 ,
960 2676 1040 2741 eapil

375 2746 480 2797 Postulat
495 2748 533 2797 bic
549 2751 650 2798 animam
662 2764 671 2797 .·
684 2751 722 2798 tui
733 2750 818 2801 Numa
834 2784 844 2808 ,
865 2748 963 2799 Piscis
980 2782 991 2807 ‚
1012 2751 1040 2798 ai

336 2818 419 2878 Risit,
433 2821 477 2881 dt,
496 2820 559 2878 His,
577 2822 672 2887 inquit,
688 2821 763 2871 facito
776 2840 842 2873 mea
863 2824 931 2873 tela
950 2838 1040 2889 prom

374 2893 399 2945 O
412 2894 418 2943 !
431 2894 487 2953 vir,
505 2895 631 2959 colloquio
647 2910 696 2943 non
712 2896 845 2964 abigende
868 2914 961 2947 meo.

275 2980 325 3035 345
339 2964 388 3019 Sed
401 2966 463 3026 tibi,
481 2968 611 3034 protulerit
625 2966 678 3022 edm
694 2980 772 3019 totum
789 2970 950 3021 crastinus
972 2969 1040 3019 orb·

374 3039 513 3111 Cynthius,
531 3041 626 3109 imperii
640 3043 741 3111 pignora
756 3057 841 3099 tetta
861 3044 970 3097 dabo·
