2367 3942
197 442 206 455 ⁸
246 428 253 438 '
300 447 376 498 220
423 427 466 496 P.
494 429 687 496 Ournrr
716 430 952 500 anonrs

227 581 230 586 .
299 546 345 596 Fas
355 558 452 610 quoque
462 545 493 593 ab
503 560 547 594 ore
557 545 614 596 steti
625 547 753 614 longeque
765 546 927 614 Propontidos
941 551 1009 602 undis

336 616 392 666 Huc
406 616 511 681 aliquem
524 629 595 668 certo
609 619 664 669 vela
678 619 767 670 dedisse
785 622 862 670 Noto.

299 689 417 756 Quisquis
430 688 451 739 is
465 688 518 748 est,
535 693 636 742 memori
652 709 775 742 rumorem
790 710 853 744 voce
868 697 982 756 referre,
1016 751 1018 754 ,

336 763 367 813 lit
382 759 436 811 fieri
450 761 519 812 samae
534 779 637 830 parsque
652 765 786 832 gradusque
803 767 890 832 potest.

254 838 324 902 4513
340 850 428 900 precor
444 835 539 885 auditos
555 837 632 901 possit
647 853 743 888 narrare
758 839 893 906 triumphos

335 907 454 963 Caesaris,
474 908 500 957 ὃ(
515 908 586 960 Latio
601 909 696 959 reddita
709 923 768 960 vota
784 911 861 962 Joui:

298 984 405 1048 Teque,
422 981 562 1032 rebellatrix
575 982 673 1032 tandem
690 983 840 1043 Germania,
856 986 937 1052 magni

334 1051 413 1104 Triste
429 1065 501 1119 eaput
515 1053 618 1120 pedibus
634 1055 775 1120 supposuisse
791 1057 879 1110 Ducis.

298 1127 359 1177 Haec
374 1124 432 1175 mihi
445 1125 486 1191 qui
499 1127 609 1186 reseret,
626 1145 679 1193 quae
694 1145 743 1178 non
757 1129 839 1179 vidisse
853 1130 964 1190 dolebo,

256 1219 289 1266 50
335 1201 380 1250 llle
397 1214 457 1249 meae
471 1198 552 1248 domui
567 1201 677 1266 protinus
693 1201 780 1266 hospes
795 1203 852 1251 erit.

298 1273 349 1324 Ilei
357 1271 414 1321 mihi
427 1270 434 1319 l
446 1270 526 1336 jamne
538 1273 622 1322 domus
634 1273 749 1340 Scythico
760 1275 861 1324 Nasonis
871 1275 896 1324 in
907 1277 966 1326 orbe
977 1274 988 1326 ἓ
1081 1331 1082 1336 ,

333 1346 435 1410 Jamque
446 1343 512 1406 suun
521 1344 579 1394 mihi
590 1345 632 1395 dat
642 1362 687 1412 pro
698 1346 762 1396 Lare
774 1363 845 1412 poena
855 1352 938 1398 locum
950 1347 961 1397 i

297 1418 333 1471 Di
344 1418 451 1474 saciant,
469 1415 548 1467 Cesar
557 1434 608 1468 non
618 1419 659 1469 hic
668 1422 793 1484 penetrale
804 1421 950 1487 domumque
962 1453 970 1479 ,

334 1490 471 1557 Hospitium
486 1506 565 1556 poenae
579 1491 620 1542 sed
637 1493 698 1542 velit
713 1491 760 1543 esse
775 1509 845 1545 meae.
878 1511 880 1515 ’

294 1598 940 1670 ε--τ--ε-ε-ήῇκωῡ

409 1697 663 1760 ELEGIA
703 1697 845 1761 XIII.

197 1867 201 1876 “
296 1787 418 1909 Eece
431 1857 610 1922 supervacuus,
625 1853 682 1921 quid
692 1855 756 1905 enim
768 1853 813 1904 suit
826 1857 886 1908 utile
899 1859 987 1928 gigni?

334 1931 374 1980 nd
390 1930 429 1980 sua
442 1929 527 1980 natalis
541 1941 652 1995 tempora
666 1927 745 1979 noller
760 1928 833 1978 adest.

298 2005 388 2062 Dure,
404 2003 461 2070 quid
475 2003 505 2053 ad
518 2001 619 2053 miseros
632 2002 746 2052 veniebas
761 2001 847 2054 exsulis
863 2020 937 2054 annos
951 2003 961 2053 ἓ

336 2079 466 2127 Debueras
481 2076 530 2132 illis
544 2074 678 2141 imposuisse
692 2076 801 2126 modum.
867 2109 870 2112 -

275 2167 288 2217 ς
303 2151 328 2201 Si
340 2151 384 2199 tibi
398 2166 455 2200 cura
469 2147 537 2206 mei,
554 2150 596 2198 vel
612 2147 632 2198 si
648 2148 726 2214 pudor
741 2150 805 2199 ullus
819 2147 921 2208 inesset,

336 2223 394 2272 Non
407 2223 469 2272 ultra
482 2223 589 2286 patriam·
597 2236 635 2269 me
650 2221 778 2285 sequerere
793 2237 879 2272 meam.

1080 2173 1082 2222 l

299 2295 408 2360 Quoque
417 2297 475 2345 loco
486 2291 584 2360 primurn
596 2292 639 2342 tibi
655 2291 703 2342 sum
713 2292 776 2343 male
788 2295 899 2362 cognitus
910 2293 1006 2352 infans,
1081 2289 1082 2292 '

337 2369 382 2416 lllo
396 2366 509 2416 tentasses
523 2367 620 2414 ultImus
634 2363 681 2414 esse
696 2365 760 2414 mihi.

300 2441 402 2504 Jamque
413 2435 589 2502 relinquendi,
607 2436 672 2500 quod
687 2436 752 2484 idem
766 2436 848 2485 serere
864 2436 979 2495 sodales,

258 2530 289 2564 ιο
335 2511 375 2559 Tu
390 2524 487 2575 quoque
501 2506 595 2556 dixisses
610 2507 679 2556 tristis
693 2508 719 2556 in
734 2507 822 2564 Urbe,
840 2508 914 2558 Vale.

301 2583 367 2647 Quid
376 2582 418 2630 tibi
429 2597 483 2629 cum
494 2577 595 2630 Ponto?
608 2597 663 2628 num
673 2592 698 2631 te
709 2596 806 2647 quoque
818 2579 917 2634 Caesarit
928 2583 963 2634 ira

335 2655 474 2704 Extremam
488 2653 561 2719 gelidi
575 2652 640 2702 misit
655 2653 679 2702 in
694 2653 757 2703 orbis
772 2650 892 2702 humum?

300 2728 401 2778 Scilicet
413 2725 535 2790 exspesles
552 2724 615 2774 soliti
630 2724 674 2774 tibi
688 2725 759 2774 moris
775 2725 894 2776 honorem
906 2760 914 2785 ,

337 2800 444 2850 Pendeat
458 2815 489 2848 ex
503 2797 609 2846 humeris
621 2797 691 2846 veslis
706 2809 734 2847 nt
750 2800 802 2848 alba
818 2801 888 2850 meis.
930 2849 932 2852 .

258 2891 287 2940 15
301 2873 399 2925 Fumida
414 2872 522 2938 cingatur
537 2870 678 2920 florentibus
694 2887 735 2920 ara
751 2872 858 2922 coronls.
890 2867 893 2871 ’

336 2947 450 3011 Micaque
465 2943 573 2995 sollemni
587 2942 648 2994 turis
664 2943 689 2992 in
704 2943 759 3011 igne
775 2945 855 2996 sonet.

299 3019 405 3085 Libaque
416 3019 525 3083 dempto
535 3033 573 3066 me
584 3049 592 3075 ,
613 3015 721 3084 genitale
732 3019 840 3070 notantia
852 3029 945 3083 tempus
960 3051 968 3077 ,

171 3098 177 3104 '
334 3091 522 3158 Concipiamque
537 3091 613 3142 bonas
630 3106 673 3142 ore
692 3091 790 3144 favente
805 3105 900 3156 preses.
