2367 3942
533 475 633 545 60
727 476 815 545 -Ρ,
872 470 1025 541 Or.
1074 469 1270 542 NAS.
1320 467 1553 542 F'Asr.
1605 471 1687 540 L.
1743 476 1853 548 ΙῙ.

530 591 826 659 Tarquinius
856 609 964 643 cum
994 593 1136 658 prole
1165 590 1291 659 fugit
1313 607 1329 642 z
1354 591 1484 657 capit
1510 608 1669 645 annua
1694 593 1893 647 Consu!
1932 625 1939 632 ·

604 665 719 718 Jura
743 681 760 715 .·
785 665 889 716 dies
919 666 1083 733 regnis
1112 665 1195 714 illa
1224 665 1440 731 suprema
1470 664 1580 715 fuit.

533 738 887 793 FALLIMUR
912 736 933 787 ἒ
964 756 1025 788 an
1050 738 1179 789 veris
1204 738 1478 804 praenuncia
1505 736 1643 789 venit
1665 738 1891 793 hirundo
1909 738 1937 791 ἓ

607 812 673 863 Et
701 812 875 862 metuit
894 846 910 871 ,
949 829 1012 861 ne
1041 811 1134 878 qua
1157 811 1297 860 versa
1327 822 1547 861 recurrat
1574 811 1735 863 hiems
1760 811 1787 863 ἓ

413 887 441 940 8
453 904 475 952 5
489 901 513 949 5
541 887 679 952 Saepe
701 900 862 936 tamen
877 918 892 943 ,
917 884 1106 936 Procne
1120 918 1134 943 ,
1155 884 1351 933 nimium
1370 883 1647 951 proper-affe
1668 886 1897 952 quereris
1917 904 1939 947 ς

607 959 801 1026 Virque
831 971 920 1009 tuo
950 959 1143 1009 Tereus
1171 957 1354 1024 frigore
1385 959 1525 1008 laetus
1558 959 1674 1008 erit.

533 1031 818 1096 JAMQUE
850 1032 956 1081 duae
986 1031 1162 1082 restant
1189 1030 1355 1081 nostes
1384 1031 1445 1079 de
1474 1031 1638 1080 mense
1667 1030 1890 1083 secundo
1914 1065 1935 1092 ‚

610 1106 842 1172 Marsque
875 1106 1000 1155 citos
1029 1104 1203 1171 junffis
1230 1105 1446 1154 curribus
1477 1116 1620 1172 urget
1651 1120 1817 1171 equos
1840 1122 1861 1166 5

536 1180 612 1230 Ex
637 1195 758 1230 vero
790 1180 1001 1244 positum
1029 1178 1290 1241 permansit
1315 1176 1507 1243 Equiria
1539 1176 1723 1227 nomen
1746 1194 1769 1236 3

415 1251 519 1306 860
614 1252 742 1317 Quae
768 1252 908 1302 Deus
935 1252 984 1300 in
1015 1250 1458 1319 Campo-prospicit
1488 1249 1586 1314 ipse
1614 1250 1726 1301 suo.

536 1325 654 1380 Iure
679 1325 818 1375 venis
838 1358 854 1384 ,
890 1324 1104 1376 Gradive
1129 1339 1144 1374 ·.·
1168 1325 1330 1373 locum
1358 1336 1439 1373 tua
1467 1334 1691 1389 tempora
1718 1324 1970 1389 poscuntz

610 1398 931 1466 Signatusque
955 1409 1043 1447 tuo
1076 1397 1271 1447 nomine
1301 1397 1475 1447 mensis
1503 1394 1651 1446 adest.

537 1472 774 1529 Venimus
807 1471 856 1519 in
887 1485 1078 1536 porrum
1102 1504 1117 1528 ‚
1153 1470 1278 1520 libro
1307 1486 1416 1519 cum
1448 1469 1609 1519 mense
1642 1470 1876 1536 pernae.
1924 1510 1933 1521 .

611 1546 824 1616 Naviget
855 1545 966 1597 hinc
993 1545 1086 1596 alia
1115 1543 1214 1613 jam
1242 1543 1356 1595 mihi
1381 1543 1525 1594 linter
1555 1544 1700 1609 aqui.
1738 1574 1743 1581 -
