2367 3942
347 473 420 564 238
470 471 511 537 P.
539 472 725 541 Orion
754 470 993 546 Nisomrs

345 589 461 654 Jamque,
475 588 561 638 decem
575 589 652 640 lustris
669 589 735 641 omni
751 591 803 641 sine
817 592 873 643 labe
887 597 1018 662 petallis,

380 661 451 711 Parte
465 679 563 728 premor
575 663 633 712 vitre
650 663 773 714 deteriore
788 681 860 716 mee.

302 750 333 800 35
345 736 401 784 Nec
415 737 501 800 procul
515 738 529 784 ὲ
541 735 630 794 metis,
643 753 702 802 quas
717 754 787 802 paene
799 750 888 790 tenere
900 741 1022 803 videbar,

386 806 514 859 Curriculo
530 809 607 876 gravis
623 809 657 858 est
672 809 732 858 fadla
747 811 815 860 ruina
829 829 897 863 meo.

345 881 410 946 Ergo
424 881 491 929 illum
507 881 605 931 demens
621 882 645 931 in
664 899 702 931 me
718 883 802 932 saevire
817 887 908 952 coligi,

380 953 466 1002 Mitius
480 955 607 1004 immensus
621 971 671 1020 quo
685 954 743 1003 nihil
758 957 823 1006 orbis
838 958 937 1009 habet?

342 1026 443 1092 lplaque
456 1026 546 1075 deutris
561 1027 623 1076 vidia
638 1025 671 1076 est
686 1028 813 1077 clementia
827 1031 935 1092 nolitis3

300 1117 333 1161 40
381 1099 434 1148 Nec
448 1110 528 1149 tamen
545 1100 622 1149 errori
636 1101 686 1150 vita
701 1113 788 1168 negata
801 1103 879 1153 meo?

343 1171 401 1222 Vita
414 1174 499 1236 proctrl
515 1172 590 1237 patrii
606 1175 743 1241 peragenda
758 1175 800 1224 snb
813 1192 859 1226 axe
874 1177 979 1238 Boreo,

379 1243 435 1307 Qud
450 1245 519 1293 maris
536 1245 622 1294 Euxini
637 1258 701 1296 terra
717 1247 807 1297 sinistra
822 1247 900 1314 jacet.

342 1316 398 1366 Hoc
413 1317 469 1365 mihi
484 1318 504 1366 si
518 1317 627 1383 Delphi,
642 1319 796 1384 Dodonaque
812 1321 907 1372 diceret
920 1320 989 1389 ipse,

378 1388 431 1438 Effe
446 1388 569 1439 videretur
583 1403 659 1442 vanus
676 1407 778 1458 uterque
794 1393 875 1444 locus.
938 1406 948 1417 ·

297 1477 329 1524 45
342 1462 382 1511 Nil
393 1463 456 1510 adeo
466 1462 569 1511 validum
580 1463 628 1522 eli,
640 1465 734 1514 adamas
744 1467 802 1516 licet
813 1467 898 1534 alliget
909 1467 988 1529 illud,

282 1540 284 1546 ’
376 1536 413 1584 Ut
427 1547 521 1584 maneat
535 1535 622 1602 rapido
635 1535 724 1586 firmius
739 1538 795 1605 igne
807 1538 885 1591 Jovis.

261 1628 266 1635 ·
293 1607 299 1617 ’
340 1608 381 1656 Nil
396 1609 428 1657 ita
444 1608 542 1658 sublime
556 1608 607 1668 est,
625 1610 741 1676 supraque
755 1612 863 1677 pericula
877 1615 977 1674 tendit,

376 1681 433 1730 Non
446 1681 479 1731 sit
492 1694 519 1731 ut
532 1682 631 1732 inferius
647 1683 844 1751 suppositumque
860 1687 930 1737 Deo.

338 1755 399 1803 Nam
411 1771 551 1818 quamquam
560 1756 621 1805 vitio
632 1773 685 1822 pars
698 1757 730 1807 eli
743 1759 863 1810 contradis
876 1762 1010 1819 melorum,

297 1841 329 1887 50
376 1825 431 1874 Plus
448 1837 528 1874 tamen
544 1829 613 1877 exitii
629 1831 730 1879 numinis
746 1831 780 1880 ira
797 1833 873 1884 dedit.

338 1897 372 1947 At
386 1913 431 1946 vos
445 1898 562 1948 admoniti
575 1899 661 1950 nostris
676 1919 773 1967 quoque
789 1906 882 1956 casibus
898 1905 965 1967 este,

373 1968 517 2037 AEquantem
535 1973 641 2039 Superos
658 1976 782 2025 emeruille
798 1979 886 2030 virum.

335 2079 616 2118 «ετξ-ετξ
785 2087 980 2127 τες-...τὺ

471 2181 725 2246 ELEGIA
773 2186 847 2248 IX.

340 2271 395 2386 gr
415 2336 490 2397 licet,
507 2337 533 2388 dr
547 2339 656 2403 pateris,
672 2359 761 2392 nomen
777 2343 919 2412 facinusque
934 2348 1023 2399 tacebo

372 2408 403 2455 Et
416 2421 456 2457 tua
471 2410 575 2460 Lethaeis
590 2413 641 2461 adia
656 2414 773 2464 dabuntur
786 2417 852 2482 aquis
859 2435 869 2476 ς

334 2479 467 2544 Nostraque
482 2483 594 2532 vincetur
608 2486 720 2551 lacrymis
736 2490 863 2539 clementia
877 2490 946 2542 seris.

370 2552 417 2600 fac
432 2552 505 2602 modo
519 2566 545 2603 te
558 2567 641 2619 pateat
654 2561 789 2623 poenituisse
803 2562 851 2611 tui.

309 2638 320 2685 5
334 2623 382 2673 Fac
396 2622 468 2674 modd
485 2637 511 2674 te
527 2627 641 2689 damnes,
658 2633 788 2700 cupiasque
804 2635 906 2686 eradere
919 2635 979 2687 vita

368 2696 509 2760 Tempora,
522 2699 543 2749 si
556 2702 651 2766 possis,
666 2704 822 2772 Tisiphonaen
837 2719 895 2758 tuae.

331 2767 373 2816 Sin
387 2769 477 2828 minus,
494 2770 519 2820 dt
532 2772 634 2841 flagrant
647 2779 704 2828 odio
718 2791 759 2829 tua
774 2780 871 2845 pedore
886 2780 967 2833 nostro
979 2801 988 2842 3

367 2841 454 2892 lnduet
467 2843 552 2896 infelix
568 2866 633 2898 arma
648 2851 728 2901 coatia
742 2853 823 2902 dolor.

330 2912 378 2961 Sim
392 2916 450 2965 licet
464 2930 616 2981 extremum,
632 2923 697 2972 sicut
711 2924 777 2985 sum,
793 2925 870 2976 missus
881 2925 907 2976 in
917 2929 1020 2985 orbem,

289 2997 320 3032 10
369 2987 454 3039 Nostra
470 2991 522 3041 suas
537 2994 595 3044 illuc
610 2996 718 3062 porriget
734 2997 768 3046 ira
784 3015 876 3048 menits.

330 3057 438 3118 Omnis,
451 3063 472 3112 si
482 3065 573 3124 nescis,
585 3065 665 3117 Cresar
675 3069 732 3117 mihi
743 3069 796 3134 jura
807 3071 922 3139 reliquit5

365 3132 397 3182 Et
414 3133 464 3184 sola
477 3135 511 3186 est
524 3138 601 3204 patrii
617 3155 688 3205 poene
703 3157 787 3194 carere
799 3144 866 3198 mei.
