2367 3942
93 2889 96 2968 l

93 3049 96 3122 N

270 457 343 551 136
390 455 431 525 P.
458 455 649 528 orum
674 442 911 527 Nasonis

265 576 381 642 Inspice,
399 594 459 643 quos
474 579 562 628 habeat
576 578 705 627 nemoralis
722 576 803 627 Aricia
818 576 921 635 Fusios,

222 652 256 703 60
305 650 337 699 Et
352 652 455 715 populus
473 651 601 707 Laurens,
619 650 799 715 Lanuviumque
814 664 914 699 meum:

266 721 306 773 Est
321 723 371 771 illic
386 724 474 773 mensis
490 723 618 775 lunonius.
636 724 727 789 Inspice
743 723 839 781 Tibur,

301 794 333 844 Et
346 794 496 847 Praenestina».
511 797 599 846 moenia
615 796 679 846 sacra
692 796 776 853 Decet

265 867 384 920 Junonale
399 871 469 936 leges
484 882 582 934 tempus
594 884 601 919 t
613 885 660 918 nec
674 868 792 919 Romulus
806 868 861 918 illas

303 940 438 992 Condidit:
451 954 476 991 at
491 941 563 992 nostri
579 942 657 995 Roma
674 941 769 1006 nepotis
786 952 849 991 erat.

222 1017 255 1082 65
268 1013 375 1064 Finierat
387 1013 452 1065 Juno
466 1031 474 1063 ε
489 1015 646 1079 respeximus.
662 1014 775 1063 Herculis
792 1029 854 1063 ssxor

303 1087 406 1143 Stabat,
426 1088 453 1137 δι
468 1087 494 1136 in
508 1089 579 1137 vultu
594 1088 659 1155 signa
678 1085 782 1136 dolentis
798 1097 878 1135 erant·

266 1160 325 1211 Non
340 1176 406 1227 ego,
425 1160 445 1209 si
461 1172 517 1211 toto
532 1171 610 1209 mater
625 1176 663 1209 me
681 1159 769 1209 cedere
785 1158 850 1207 coelo

302 1231 417 1291 Jufferit,
433 1232 507 1283 invitia
521 1245 619 1291 matre,
634 1233 746 1283 morabor
759 1264 770 1290 ,
785 1232 828 1281 ait.

266 1306 338 1355 Nunc
348 1321 446 1373 quoque
457 1323 506 1356 non
521 1306 599 1355 luslor
609 1306 639 1355 de
650 1305 748 1355 nomine
756 1301 872 1369 temporis
883 1302 955 1370 hujus
970 1320 983 1363 5

222 1405 258 1454 70
304 1378 436 1436 Blandior,
454 1378 480 1429 δε
495 1390 576 1444 partes
590 1394 659 1444 paene
673 1376 780 1445 rogantis
798 1394 853 1444 ago.

267 1452 378 1519 Remque
393 1452 441 1503 mei
455 1449 514 1518 juris
528 1452 608 1502 malim
626 1450 726 1501 tenuisse
742 1450 886 1517 precando3

302 1524 334 1574 Et
351 1526 432 1577 faveas
449 1524 523 1574 causae
540 1523 641 1574 forsitan
656 1524 705 1589 ipse
722 1539 790 1573 meae.

268 1597 351 1647 Aurea
364 1597 467 1664 possedit
481 1597 549 1649 socio
565 1596 689 1663 Capitolia
704 1597 796 1661 templo

304 1670 407 1728 Mater,
424 1672 450 1721 dt
467 1681 495 1719 ut
510 1670 601 1729 debet,
620 1686 675 1719 cum
689 1668 703 1721 J
706 1685 755 1720 ove*
769 1669 857 1718 summa
871 1679 953 1719 tenet.

222 1764 256 1814 75
270 1742 304 1793 At
320 1742 394 1790 decus
411 1757 482 1790 omne
498 1741 555 1789 mihi
569 1742 689 1809 contingit
706 1742 799 1809 origine
815 1741 912 1791 mensis.
929 1742 931 1748 ’

307 1813 398 1863 Unicus
412 1812 463 1869 eil,
481 1813 511 1862 de
529 1829 577 1878 quo
594 1814 738 1863 felicitamur
749 1848 759 1871 ,1
774 1815 862 1863 honor.

268 1886 336 1952 Quid
350 1902 439 1952 grave,
458 1885 479 1933 si
495 1886 591 1935 titulum
607 1887 715 1946 mensis,
732 1886 858 1941 Romane,
876 1885 961 1935 deditii

305 1958 422 2009 Herculis
435 1958 525 2018 uxori,
542 1958 716 2028 posteritasque
732 1973 822 2009 memor
838 1955 848 2005 ἔ

267 2032 328 2083 Haec
340 2048 436 2098 quoque
446 2044 512 2081 terra
522 2033 613 2099 aliquid
624 2034 698 2084 debet
708 2031 764 2082 mihi
772 2030 869 2082 nomine
880 2030 966 2097 magni

224 2110 258 2163 80
307 2104 425 2173 Coniugis
440 2121 449 2156 t
462 2105 510 2155 huc
524 2119 606 2172 captas
621 2107 713 2175 appulit
728 2107 768 2156 ille
782 2106 868 2155 boves.

264 2178 317 2231 tlte
333 2178 396 2229 mal'e
410 2178 521 2228 defensus
535 2179 658 2237 flammis,
678 2180 703 2231 δι
721 2180 778 2227 dote
795 2175 895 2243 paterni
908 2207 920 2233 ,.

305 2252 384 2303 Cacus
398 2250 546 2304 Aventinam
564 2252 676 2319 sanguine
692 2250 765 2299 tinxit
780 2249 887 2299 humum.

267 2324 307 2375 Ad
323 2324 436 2390 propiora
450 2340 528 2373 vocor
544 2340 553 2373 a
567 2324 682 2390 populum
700 2320 799 2388 digessit
816 2321 846 2369 ab
861 2319 934 2371 annis-

304 2397 439 2456 Romulus,
457 2397 482 2447 in
494 2409 575 2461 partes
590 2395 755 2460 distribuitque
770 2393 838 2444 duas,

224 2471 256 2536 85
270 2470 331 2521 Haec
346 2470 404 2520 dare
418 2470 563 2527 consilium,
578 2484 686 2535 pugnare
703 2464 807 2533 paratior
824 2464 864 2515 illa
880 2462 935 2515 eslt

218 2537 229 2551 '
304 2543 365 2595 Haec
379 2557 436 2593 aetas
451 2544 539 2593 bellum
553 2541 656 2598 suadet,
674 2552 699 2589 at
714 2541 756 2595 illa
771 2538 843 2608 gerit.

154 2624 161 2631 '
267 2617 307 2669 Sic
322 2617 421 2673 statuit,
436 2614 577 2681 mensesque
595 2613 654 2665 nord
669 2614 772 2665 secrevit
787 2612 880 2663 eidem.

304 2689 388 2742 Junius
403 2689 437 2738 est
448 2687 564 2753 juvenum
577 2706 587 2746 ς
604 2690 644 2753 qui
660 2688 705 2738 suit
720 2699 796 2741 ante,
814 2685 907 2734 senum.

266 2763 338 2814 Dixit
350 2778 359 2813 t
371 2762 397 2812 δι
410 2762 437 2810 in
455 2761 522 2812 litem
537 2760 614 2809 studio
631 2760 765 2810 certaminis
780 2755 867 2811 issent,

239 2851 275 2904 90
311 2836 382 2902 Aque
399 2833 433 2883 itt
449 2834 527 2898 pietas
543 2833 689 2883 dissimulata
705 2831 781 2880 soret.

266 2910 343 2963 Venis
357 2905 488 2973 Apollinei
504 2906 589 2970 longas
609 2902 747 2955 Concordia
761 2903 831 2951 lauro

303 2984 374 3033 Nexa
388 2995 489 3034 comas,
507 2975 596 3041 placidi
614 2990 702 3025 numen
720 2989 828 3041 opusque
846 2970 934 3023 Ducis.

264 3059 328 3114 Har
342 3052 383 3102 ubi
398 3051 503 3099 narravit
515 3046 631 3105 Tarium,
648 3048 785 3113 sortemque
803 3044 952 3109 Quirinum,

302 3128 411 3191 Binaque
425 3138 481 3173 curu
496 3120 591 3188 populis
610 3136 685 3190 tegna
698 3119 772 3176 coisse
785 3118 829 3171 suis
841 3148 852 3191 ,
865 3148 868 3153 ·
