2367 3942
319 396 371 470 66
419 393 463 464 P.
492 393 689 464 Orrnrr
715 394 946 468 Nisum

317 516 353 566 sl
370 513 429 565 licet
445 514 558 564 occultos
574 514 682 564 monitus
694 513 779 563 audin
796 513 910 567 Deorum
1005 540 1009 545 -

354 588 480 645 Vatibus,
496 600 524 637 ut
539 588 608 637 eert'e
619 588 682 637 lama
695 589 771 637 licere
786 600 877 654 putat3

318 658 380 711 Cuim
398 662 430 713 sis
446 658 551 721 officiis,
569 659 696 719 Gradive,
715 661 822 712 virilibus
839 678 928 728 aprus,

259 749 309 801 170
356 735 405 785 Dic
421 736 496 793 mihi,
512 750 628 807 metrone
642 751 687 785 cur
701 745 744 783 tua
758 735 816 783 lesta
830 738 921 786 colant.
1072 781 1073 792 ,

318 808 358 860 sic
374 824 422 875 ego
434 823 442 857 r
454 809 489 858 sic
503 809 583 874 positi
598 808 660 858 dixit
672 807 732 856 mihi
746 808 844 873 cuspide
853 810 972 871 Mavorte
1072 823 1073 826 ’

356 882 404 933 Sed
417 894 498 931 tamen
515 882 540 931 in
555 883 642 932 dextra
656 882 753 931 missilis
766 881 830 931 helia
843 880 900 933 luit.

319 954 391 1005 Nunc
407 955 507 1021 prinuim
522 957 604 1005 lludiia
617 955 702 1021 pacis,
718 954 789 1004 Deus
804 953 871 1004 utilis
884 956 969 1017 umis,
1072 985 1073 988 =

356 1028 492 1079 Advocor:
506 1031 530 1079 ἃ
547 1029 636 1097 grellus
651 1029 677 1077 in
689 1044 755 1077 nova
768 1027 842 1076 calira
856 1029 921 1079 fero.
986 1032 991 1041 “

260 1114 308 1164 175
321 1101 374 1151 Nec
385 1102 452 1169 piget
462 1104 572 1168 incepti:
585 1101 653 1165 juvat
667 1100 713 1149 hac
724 1116 823 1167 quoque
839 1115 909 1167 pene
919 1105 1021 1166 morari,

356 1175 412 1225 l¹loc
427 1176 499 1225 solam
514 1193 544 1225 ue
560 1175 583 1224 se
598 1172 663 1239 poffe
678 1174 790 1224 Minerva
805 1186 886 1241 putet.

319 1248 414 1307 Disce,
429 1248 569 1299 Latinorum
583 1262 653 1297 vates
668 1247 772 1311 operole
785 1248 897 1308 dierum,

356 1321 431 1386 Quod
445 1324 508 1387 peris
521 1338 528 1372 ε
542 1324 568 1373 &
582 1320 683 1369 memori
697 1320 798 1385 periore
811 1321 874 1371 ‹liiia
887 1335 957 1377 nota.

319 1391 396 1445 Parva
411 1396 475 1453 luit,
492 1396 512 1445 si
526 1396 601 1461 prima
615 1394 677 1443 velis
692 1396 815 1444 elementa
827 1395 944 1455 referre,

260 1462 310 1515 180
358 1468 455 1521 Roma:
467 1469 507 1519 led
521 1470 546 1518 in
562 1485 635 1534 parva
651 1468 704 1532 spes
718 1480 799 1517 tamen
813 1466 886 1533 hujus
901 1483 965 1521 erat.

318 1540 414 1591 Moenia
428 1541 476 1609 jam
492 1543 582 1593 stabant
596 1576 604 1601 ,
620 1542 716 1608 populis
729 1540 827 1609 angusta
839 1541 953 1601 futurisss

357 1614 457 1664 Credita
472 1616 513 1667 sed
527 1620 605 1665 turbae
619 1629 679 1663 tune
694 1615 763 1663 nimis
778 1616 857 1680 ampla
871 1616 930 1669 sua.

319 1684 383 1750 Quae
399 1687 472 1738 luerit
485 1688 577 1745 nostri,
593 1688 616 1735 si
631 1687 737 1750 quatis,
753 1687 820 1753 regia
834 1689 906 1747 nati3

354 1760 442 1824 Aspice
458 1760 489 1809 de
505 1776 580 1811 cenna
594 1757 791 1824 straminibusque
806 1759 915 1813 domum.

258 1828 290 1881 18
295 1845 307 1893 5
322 1832 350 1882 ln
366 1832 449 1899 stipuli
466 1833 554 1898 placidi
571 1832 684 1897 carpebat
699 1848 799 1883 munera
815 1833 910 1894 somni.

355 1904 385 1954 Et
401 1918 482 1955 tamen
495 1922 526 1957 ex
541 1906 584 1957 illo
600 1904 707 1954 venitin
722 1904 783 1955 alira
798 1919 866 1957 toro.

317 1977 419 2044 Jamque
433 1981 491 2031 loco
505 1977 580 2045 majus
595 1978 719 2029 Romanus
733 1996 823 2030 nomen
835 1981 962 2041 habebatz

354 2052 409 2102 Nec
425 2051 516 2120 conjux
530 2053 584 2113 illi,
600 2068 647 2103 nec
663 2052 733 2103 socer
745 2055 808 2103 ullus
822 2066 885 2105 erat.

243 2176 246 2185 y
320 2124 473 2191 spernebant
487 2142 591 2196 generos
606 2126 691 2191 inopes
703 2126 790 2175 vicinia
806 2127 896 2185 diem

257 2206 308 2258 190
354 2197 385 2248 Et
402 2200 464 2249 mal'e
480 2200 598 2249 credebar
612 2196 731 2264 sauguinis
746 2197 830 2247 auilor
845 2214 905 2263 ego.

229 2294 231 2301 ¹
317 2270 347 2319 ln
361 2269 456 2321 stabulis
471 2270 607 2328 habitasse,
624 2269 702 2320 boves
718 2268 824 2334 pevile,
840 2270 972 2331 nocebat3

351 2341 489 2413 iugeraque
503 2332 588 2394 inc'uln'
605 2359 681 2408 pauca
698 2355 785 2392 tenere
799 2341 853 2391 soli.

317 2414 379 2465 Cum
390 2434 448 2482 pare
458 2432 558 2483 quaeque
569 2416 724 2474 luo,cu'e'unt
734 2416 895 2477 volucresque
904 2410 1044 2485 ferequeg

354 2489 436 2555 Atque
451 2491 571 2556 aliquam,
588 2489 619 2539 de
633 2504 679 2553 qua
692 2498 826 2555 procreet,
842 2485 929 2553 anguis
945 2489 1043 2544 habet.

257 2569 306 2624 195
319 2559 439 2611 Extremis
456 2562 544 2612 dantur
557 2562 677 2612 connubia
691 2561 803 2629 gentibus
814 2574 823 2610 t
834 2571 878 2619 at,
895 2576 953 2627 quae

351 2632 461 2685 Romano
476 2638 553 2687 vellet
570 2636 682 2693 nubere,
701 2634 766 2683 nulla
782 2632 838 2683 fuit.

314 2705 411 2756 lndolui
423 2724 432 2766 ς
446 2709 595 2775 patriamque
610 2708 671 2760 dedi
679 2707 741 2764 tibi,
758 2705 882 2765 Romule,
900 2720 1042 2761 mentetua

351 2778 425 2829 Tolle
439 2798 545 2845 preces,
564 2781 614 2830 dixi
626 2796 633 2830 ε
645 2780 710 2847 quod
727 2779 811 2845 petia,
825 2796 891 2831 arma
908 2781 1024 2835 dabunt.

315 2849 380 2899 Festa
396 2869 453 2917 para
469 2852 571 2904 Conso:
585 2852 682 2904 Consus
696 2852 741 2902 tibi
756 2865 839 2905 cetera
853 2854 937 2916 dicet,

254 2935 305 2973 200
354 2923 407 2989 lpso
422 2926 480 2977 leste
495 2928 535 2979 <lie
553 2927 609 2977 dum
623 2928 665 2979 lua
679 2926 744 2978 lacra
759 2944 841 2980 cenes.

316 2994 455 3052 Intumuere
472 3001 570 3060 Cures,
589 3000 616 3051 δι
630 3018 693 3069 quos
709 3002 781 3054 ‹lolor
796 3001 877 3068 attigit
889 3000 974 3054 idem·

354 3068 417 3120 Tum
431 3073 531 3138 primurn
549 3074 646 3143 generis
662 3076 822 3129 intulitauua
840 3076 920 3127 locor.
