2367 3942
225 426 533 493 Fastorum
557 424 666 492 [ΑΒ.
692 426 761 495 VI.
794 447 864 521 143

142 544 241 603 Ecce,
258 542 382 593 coronatis
398 540 468 607 panis
483 541 606 606 dependet
618 542 698 593 asellis
710 560 720 600 ς

184 618 221 667 Et
240 618 324 667 velant
339 615 434 665 scabras
447 614 532 663 llorida
546 614 608 664 serra
625 616 711 665 molas.

146 692 210 743 Sola
229 691 298 756 ptius
314 688 392 739 furnis
407 689 534 737 torrebant
550 688 613 737 farra
628 690 730 751 coloni,

187 764 226 814 Et
245 762 375 813 Fornacali
389 760 443 811 sunt
459 760 500 811 sua
515 760 580 811 sacra
597 760 669 812 Dee.

150 838 316 904 Suppositum
332 835 408 884 cineri
423 850 510 899 panem
525 834 595 884 focus
612 834 661 901 ipse
675 836 790 898 parabat,
878 853 909 906 31
917 857 930 906 5

189 912 325 975 Strataque
342 919 396 970 erat
412 906 497 971 tepido
513 908 596 973 tegula
615 907 692 973 qualla
708 909 768 960 solo.

153 984 219 1034 lnde
236 984 321 1039 focum
338 981 417 1031 servat
429 978 503 1047 pistor
513 1014 523 1035 ‚
534 979 712 1046 Dominamque
729 984 838 1035 locorum
850 1016 858 1045 ,

191 1056 228 1106 Et
244 1072 299 1122 quae
316 1054 438 1119 pumiceas
454 1052 534 1102 versat
549 1052 623 1103 asella
638 1054 724 1105 molas.

156 1128 327 1185 Praeteream,
345 1126 480 1176 referamne
496 1140 582 1184 tuum,
601 1127 733 1177 rubicunde
748 1126 852 1197 Priape,

194 1198 341 1251 Dedecus?
359 1199 392 1249 est
407 1199 477 1249 multi
491 1199 571 1248 fabula
584 1200 658 1265 plena
672 1199 732 1265 joci.
881 1216 934 1270 320
994 1262 997 1267 1

159 1268 297 1342 'rumigera
313 1272 418 1322 frontem
436 1272 531 1339 Cybele
546 1272 656 1323 redimita
673 1273 764 1323 toroni

199 1347 334 1398 Convocat
349 1358 455 1395 aetemos
472 1347 502 1394 ad
517 1345 556 1395 sua
570 1344 629 1395 felia
646 1346 726 1397 Deos.

165 1420 296 1471 Convocat
308 1420 334 1469 dt
342 1419 444 1485 Satyros
454 1451 463 1477 ‚
475 1418 501 1467 dt
512 1452 520 1477 ,
530 1419 616 1468 rullica
626 1420 739 1485 ruminas,
751 1420 894 1487 Nymphas:

199 1494 316 1550 Silenus,
336 1492 445 1557 quamvis
460 1507 533 1540 nemo
547 1491 648 1541 vocarat
660 1522 667 1548 ‚
685 1490 758 1540 adest.

166 1569 219 1618 Nec
233 1568 311 1623 licet,
326 1565 353 1615 dt
367 1567 468 1631 longum
482 1562 517 1613 est
530 1564 614 1629 epulas
629 1578 726 1613 narrare
737 1564 865 1617 Deorum:
887 1580 937 1632 325

203 1640 232 1689 ln
247 1640 325 1688 multo
338 1655 389 1687 nux
406 1636 441 1687 est
455 1636 598 1703 pervigilata
612 1652 690 1686 mero.

168 1712 201 1762 lli
215 1709 309 1761 temere
324 1712 438 1761 errabant
453 1710 478 1758 ln
493 1726 577 1776 optcae
590 1710 695 1761 vallibus
707 1709 776 1761 ldaet

204 1784 262 1834 Pars
278 1782 362 1849 jacet,
381 1783 407 1832 dt
422 1782 490 1832 molli
504 1783 611 1851 gramine
627 1785 733 1835 membra
749 1786 825 1835 levat.

171 1858 204 1908 ili
217 1856 321 1915 ludunt,
338 1857 385 1904 hos
400 1855 494 1905 somnus
507 1858 600 1915 habet;
618 1874 671 1922 pars
688 1857 785 1907 brachia
801 1857 895 1918 nellit,

207 1930 239 1979 Et
251 1930 355 1979 viridem
371 1928 448 1977 celeri
462 1941 502 1977 tet
516 1928 579 1993 pede
595 1930 673 1993 pulsat
688 1929 795 1979 humum.
889 1946 941 1997 330

173 2002 245 2058 Vella
257 2000 346 2068 jacet,
357 2000 530 2065 ‘placidamque
548 2001 612 2064 capit
629 2001 711 2051 secura
727 2004 850 2066 quietem,

209 2075 275 2125 Sicut
289 2086 363 2131 erat,
379 2072 485 2135 positum
498 2072 596 2137 cespite
611 2072 672 2121 fulta
689 2087 770 2139 caput.

176 2147 208 2197 lt
222 2148 294 2198 ruber
311 2147 441 2195 hortorum
458 2143 536 2194 custos
551 2146 724 2212 Nymphasque
738 2148 852 2214 Deaeque

210 2220 298 2285 Captat
308 2252 317 2278 ‚
327 2218 362 2268 ‘dt
378 2228 488 2267 errantes
501 2217 599 2284 fertque
613 2218 834 2286 refertque'pedes.

108 2343 111 2351 ,
178 2292 264 2358 Aspicit
276 2290 412 2343 &Veliam
422 2307 431 2348 3
443 2291 555 2348 dubium,
566 2292 733 2359 Nymphamne
744 2295 852 2359 putarit,
892 2308 943 2361 335

211 2366 250 2414 An
266 2363 347 2414 scierit
359 2364 478 2415 Veliamr
497 2363 561 2414 scisse
577 2364 617 2414 led
632 2365 682 2431 ipse
699 2380 781 2433 negat.

179 2438 248 2505 Spem
262 2437 328 2502 capit
341 2436 487 2495 obscenam,
504 2437 633 2503 furtimque
649 2440 767 2489 accedere
784 2450 883 2499 tentat;

211 2510 243 2558 Et
257 2511 307 2560 lert
319 2509 458 2575 suspensos,
477 2510 553 2561 corde
566 2512 690 2567 micante,
706 2512 801 2578 gradus.

180 2583 252 2633 Forte
264 2582 356 2641 senex,
372 2600 422 2649 quo
434 2583 517 2635 vectus
535 2596 588 2633 erat
601 2616 616 2655 ‚¹
630 2585 725 2635 Silenus
740 2585 838 2635 asellum

214 2656 328 2722 liquerat
338 2656 454 2722 ad²ripas
467 2660 524 2707 lene
539 2656 643 2707 sonantis
659 2674 737 2723 aquae.
893 2672 945 2725 340

181 2730 250 2788 lbet,
269 2740 298 2778 ut
312 2728 431 2794 inciperet
446 2730 513 2797 longi
529 2730 600 2779 Deus
618 2728 790 2797 Hellesponti3

218 2801 388 2867 lntempeliivo
404 2801 537 2853 cdm‘tudit
552 2803 595 2851 ille
610 2802 678 2853 sono.

181 2874 276 2925 Territa
290 2876 439 2942 vocegravi
453 2874 529 2943 surgit
542 2876 597 2925 Dea
610 2892 617 2925 τ
632 2875 748 2944 convolat
763 2872 840 2925 omnis

215 2948 316 2997 Turba:
330 2963 375 3011 per
389 2947 484 2998 infestas
500 2948 584 3015 effugit
599 2948 640 2998 ille
656 2962 749 2997 manus.

185 3020 323 3085 lampsacus
338 3021 387 3069 hoc
401 3021 489 3069 animal
504 3021 572 3071 solita
586 3020 620 3069 est
634 3020 737 3069 maflare
752 3016 857 3086 Priapo:
898 3031 947 3083 345

218 3095 282 3161 Apta
298 3092 362 3146 asini
374 3092 473 3147 munus
489 3094 574 3145 iudicia
590 3104 647 3145 exta
664 3094 755 3143 dantus.
