2367 3942
332 451 408 523 240
446 430 489 500 P.
515 431 705 499 orum
733 431 963 502 NAsonrn

327 554 387 603 Haec
401 550 435 601 est
450 550 569 601 armifera
584 547 695 600 fessis'de
710 549 815 616 quinque
824 551 965 610 Minerva,

367 624 431 688 Quae
446 623 501 674 fieri
515 621 594 690 pugni
608 623 683 688 prima
699 635 799 673 eruente
814 623 885 672 solet.
966 659 969 668 r

288 716 318 763 15
328 697 444 749 Protinus
457 697 591 748 excolimur
605 695 700 754 teneri,
721 695 827 762 rurique
841 697 948 761 patentis

368 772 433 820 imus
449 769 480 819 ad
494 768 600 835 insignes
614 767 687 818 Urbis
703 769 733 817 ab
747 781 800 818 arte
816 769 893 819 viros.

329 846 415 896 Frater
430 836 461 891 'ad
474 842 596 908 eloquium
610 840 680 890 viridi
695 841 812 891 tendebat
828 842 857 890 ab
874 859 947 902 aevo,

366 917 449 966 Fortia
464 915 563 964 verbosi
576 926 646 963 natus
660 913 690 962 ad
707 930 772 964 arma
788 915 806 964 F
808 915 856 964 ori.

328 989 363 1041 At
376 987 435 1038 mihi
448 987 496 1054 jam
510 1003 588 1052 puero
602 985 706 1036 eoelestin
720 986 784 1036 sacra
799 988 947 1050 placebant,

285 1080 319 1116 20
366 1062 441 1128 Inque
455 1061 521 1110 suum
534 1060 615 1109 furtim
631 1059 701 1109 Musa
715 1059 825 1109 trahebat
839 1075 911 1124 opus.

329 1135 399 1200 Saepe
413 1145 481 1199 pater
496 1133 574 1189 dixit,
590 1132 700 1184 Studium
713 1132 770 1197 quid
782 1132 868 1183 inutile
880 1132 978 1184 tentas?

366 1206 503 1257 Maeonides
518 1205 594 1254 nullas
608 1205 657 1271 ipse
674 1204 771 1271 reliquit
785 1220 854 1270 opes.

331 1280 418 1331 Motus
432 1295 497 1328 eram
512 1277 577 1328 diuis
591 1294 599 1328 t
617 1289 721 1343 totoque
738 1277 857 1328 Helicone
870 1277 972 1335 telino.

368 1352 480 1403 Scribere
495 1352 600 1400 conabar
615 1353 690 1401 verba
705 1351 781 1400 soluta
794 1350 883 1400 modis.
908 1393 910 1396 .

288 1443 321 1491 ²5
332 1426 425 1492 Sponte
438 1424 479 1475 sui
492 1439 588 1474 carmen
601 1439 715 1473 numeros
728 1422 841 1474 veniebat
853 1423 884 1472 ad
894 1434 981 1488 aptos;
1076 1429 1083 1454 >⁴

368 1499 417 1558 Et,
434 1499 500 1566 quod
512 1498 635 1547 tentabam
650 1497 731 1546 dicere
743 1529 751 1553 ,
763 1496 844 1547 versus
860 1508 922 1546 erut.

332 1573 450 1628 interea,
464 1572 539 1620 tacito
554 1568 618 1636 paffu
632 1569 766 1620 labentibus
780 1569 863 1626 annis,

367 1644 478 1693 Liberior
490 1644 559 1692 fratri
573 1642 665 1701 sumta,
680 1641 801 1708 mihique,
818 1654 877 1708 toga
892 1640 944 1692 est:

332 1717 491 1780 induiturque
505 1716 618 1764 humeros
634 1731 688 1764 cum
703 1716 753 1764 lato
767 1731 871 1780 purpura
885 1716 974 1772 clev0;

289 1805 323 1855 30
369 1788 400 1837 Et
415 1787 513 1835 studium
527 1787 612 1844 nobis,
629 1786 695 1851 quod
708 1787 754 1836 fuit
767 1799 841 1844 ante,
857 1800 949 1838 manet.

328 1861 429 1925 Jamque
443 1858 529 1908 decem
542 1860 599 1908 vitae
612 1857 686 1908 frater
701 1858 866 1925 geminaverat
880 1877 973 1918 ainos,

367 1932 431 1984 Cum
443 1931 507 1998 perit
521 1963 530 1988 ‚
549 1931 576 1982 ἃ
589 1929 653 1996 coepi
666 1943 734 1996 parte
753 1947 837 1982 carere
854 1932 912 1982 mei.

331 2007 445 2073 Cepimus
460 2005 487 2056 δι
500 2017 592 2056 tenerae
606 2005 695 2070 primos
710 1998 785 2056 aetatis
802 2005 929 2062 honores,

368 2081 436 2148 Eque
451 2077 509 2143 viris
525 2079 643 2145 quondam
657 2094 712 2143 pars
728 2079 802 2128 tribus
816 2094 863 2127 una
878 2077 921 2127 fui.

288 2169 320 2220 35
335 2153 411 2204 Curia
424 2151 526 2203 restabat
542 2169 549 2202 :
565 2143 627 2202 elavi
642 2149 749 2200 mensuro
765 2149 847 2201 coatia
861 2149 904 2200 est.

367 2224 450 2291 Majus
465 2236 517 2274 erat
532 2225 615 2275 nostris
632 2224 723 2273 viribus
737 2223 796 2272 illud
810 2239 881 2273 onus.

331 2301 386 2350 Nec
400 2298 494 2364 patiens
508 2312 613 2363 corpus,
631 2311 676 2346 nec
691 2312 758 2346 mens
773 2295 890 2362 fuitapta
903 2295 1003 2355 labori3

366 2371 522 2436 Solicitaeque
538 2371 612 2437 fugax
631 2369 766 2419 ambitionis
781 2385 863 2419 eram:

330 2445 362 2494 Et
376 2456 461 2510 petere
476 2442 563 2491 Aoniae
575 2441 706 2492 suadebunt
722 2454 774 2492 tuta
790 2441 894 2492 Sorores
997 2491 1002 2500 ,

285 2533 320 2578 4ο
368 2515 443 2573 Otia,
454 2511 544 2579 judicio
558 2513 651 2580 semper
664 2526 740 2564 amata
755 2531 821 2565 meo.

329 2586 458 2652 Temporis
472 2586 534 2636 illius
549 2586 614 2636 colui
628 2587 728 2653 fovique
744 2589 845 2653 po'e'tast

366 2657 483 2724 Quotque
498 2660 598 2710 aderant
614 2671 702 2718 vates,
720 2661 790 2710 rebar
806 2658 884 2709 adeffe
900 2659 983 2710 Deos.

328 2733 399 2797 Saepe
413 2731 465 2780 suas
480 2733 594 2782 volucres
608 2733 668 2799 legit
684 2733 740 2782 mihi
753 2731 865 2796 grandior
882 2749 956 2792 aevo,

366 2803 478 2869 Quaeque
489 2819 563 2854 nocet
572 2806 682 2870 serpens,
693 2820 745 2868 quae
757 2803 826 2868 juvet
834 2805 910 2854 herba
920 2839 927 2865 ,
939 2807 1039 2857 Macer.

284 2897 302 2940 4
307 2895 318 2941 5
330 2878 401 2944 Saepe
416 2877 471 2927 suos
484 2877 568 2928 solitus
583 2877 685 2926 recitare
701 2873 840 2941 Propertius
855 2878 942 2944 ignes,

367 2951 426 3001 iure
440 2947 542 2998 sodalitii
557 2951 597 3015 qui
611 2947 668 2998 mihi
680 2946 774 3012 junuus
790 2961 852 3000 erat.

329 3023 443 3075 Ponticus
454 3021 564 3079 heroo,
580 3019 660 3071 Baffus
675 3038 772 3088 quoque
788 3024 866 3074 clarus
881 3023 964 3076 lembo

365 3094 457 3148 Dulcia
472 3095 597 3147 convietus
611 3095 717 3150 membra
734 3095 802 3148 fuere
818 3095 873 3148 mei.
1008 3169 1030 3219 Ε

501 3185 505 3189 ·
1032 3184 1042 3219 t
