2367 3942
282 436 365 511 254
406 416 451 484 P.
475 414 670 484 0711111
696 412 931 484 Nisam

285 536 323 586 Di
335 548 436 593 tamen,
453 532 481 584 dt
497 530 579 580 Cesar
594 531 641 582 Dis
656 528 796 589 acredine,
813 531 855 582 sed
871 535 928 584 olim
939 565 952 594 „

319 607 449 672 AEquarim
465 604 549 671 Pylios
567 601 622 653 cim
637 616 679 654 tua
696 603 745 652 fau
762 603 836 662 dieu

282 681 342 730 Nou
357 680 435 738 mihi,
452 678 494 743 qui
508 693 605 744 penam
621 676 702 726 fateor
718 676 846 735 meroide,
865 677 907 728 sed
921 679 961 728 illi

320 751 437 812 Parcite,
454 767 528 816 que,
544 751 613 800 millo
631 750 703 817 digna
718 748 823 808 dolore,
841 751 923 800 dolet.

414 957 670 1022 ELEGIA
711 957 790 1020 VI.

282 1051 363 1170 To
372 1133 471 1185 quoque
479 1116 612 1168 nostrarum
622 1117 742 1184 quondam
752 1113 841 1168 fiducia
851 1131 931 1167 rerum
943 1149 959 1178 ,

321 1189 374 1254 Qui
386 1191 447 1240 mihi
461 1191 622 1258 coniugium,
638 1190 679 1256 qui
696 1189 755 1239 mihi
766 1201 853 1256 portus
867 1206 943 1248 crass

283 1263 326 1313 To
339 1261 414 1314 modi
428 1263 532 1329 suscepti
544 1263 639 1314 causam
655 1262 753 1314 dimittis
768 1262 840 1312 amici
852 1260 864 1312 ἒ

321 1335 455 1403 Officiique
467 1337 532 1402 pium
546 1348 597 1388 tarn
611 1335 663 1386 cito
680 1337 750 1402 ponis
767 1332 851 1385 onusl

261 1422 275 1472 5
287 1408 463 1467 Sarriuaium,
476 1410 576 1468 fateor3
588 1410 691 1475 quamsi
703 1422 748 1467 tu,
760 1421 871 1472 tempore
882 1406 944 1458 duro
954 1439 968 1467 ,

320 1482 487 1547 Depositurus
501 1499 574 1544 eras,
591 1499 643 1531 non
659 1481 778 1532 subeunda
795 1481 850 1532 fuit.

284 1555 304 1604 1²
305 1555 406 1605 ludibus
418 1555 443 1606 in
452 1555 537 1606 mediis
547 1571 633 1606 navem
645 1588 655 1610 ,
673 1553 785 1604 Palinure
796 1587 804 1613 ,
821 1551 937 1619 relinquis
950 1550 961 1602 i

321 1628 362 1677 Ne
377 1627 453 1695 fuga,
470 1645 534 1678 neve
550 1626 593 1678 tui
607 1628 641 1678 sit
655 1627 734 1677 minor
748 1639 802 1676 arte
816 1624 888 1678 fides.

242 1763 246 1768 .
284 1699 408 1768 Numquid
424 1699 551 1752 Achillios
565 1702 631 1750 inter
647 1701 700 1750 fera
716 1699 801 1766 proelie
817 1697 858 1748 fidi

244 1785 278 1824 ιο
324 1772 441 1822 Deseruit
457 1773 544 1822 levitas
559 1772 752 1822 Automedontis
771 1768 871 1836 equos?

285 1843 367 1908 Quem
381 1844 456 1894 semel
470 1844 568 1910 excepit
579 1877 594 1903 ,.
610 1844 726 1910 numquid
742 1843 877 1894 Podalirius
895 1859 969 1911 aegto·

321 1915 460 1967 Promiffam
474 1917 575 1968 medicae
589 1933 640 1966 non
656 1917 713 1968 tulit
729 1917 787 1966 anis
802 1913 896 1982 opem?

285 1987 393 2058 Turpidr
405 1988 502 2056 ejicitur
514 2024 523 2048 ,
538 1994 609 2057 quim
624 2007 674 2040 non
686 1990 839 2047 admittitur,
852 1989 942 2054 hospes
954 2004 963 2042 ι

319 2063 385 2127 Qua
401 2064 480 2129 patuit
492 2097 506 2122 „
519 2064 612 2114 dextre
626 2062 694 2114 firma
711 2064 744 2114 sit
758 2079 799 2112 ara
812 2078 884 2112 mere.
929 2105 934 2114 .

243 2149 254 2186 ι
260 2151 273 2200 5
288 2136 349 2195 Nil,
362 2137 456 2187 nisime
466 2137 561 2197 solum,
574 2134 652 2203 primo
664 2147 755 2186 tutatus
766 2153 792 2186 cs
802 2152 813 2194 ς
823 2147 850 2184 at
862 2149 926 2184 nunc

319 2209 365 2258 Me
381 2211 472 2276 pariter
489 2211 576 2268 serva,
595 2209 759 2274 judiciumque
774 2223 863 2265 tuum;

283 2282 310 2331 Si
322 2279 397 2332 modi>
405 2283 548 2347 noualiqua
556 2281 590 2330 ell
601 2281 627 2330 in
636 2298 675 2331 me
686 2297 750 2330 nova
761 2283 830 2346 culpa
838 2310 848 2337 ,
856 2294 973 2346 tuamque

319 2354 449 2404 Mutarunt
464 2351 545 2404 subiti
559 2354 661 2404 crimina
677 2353 755 2403 nollra
770 2352 851 2404 fidem.

283 2425 387 2492 Spiritus
397 2427 438 2475 hir
447 2459 457 2482 ,
466 2425 582 2492 Scythici
591 2442 663 2490 quem
674 2443 723 2476 non
734 2429 796 2476 bene
808 2425 917 2476 ducimus
929 2425 1005 2483 nuri,

240 2514 275 2550 20
322 2498 397 2562 Quod
412 2497 503 2561 cupio,
522 2497 635 2546 membris
648 2510 720 2547 exeat
736 2509 793 2546 ante
807 2496 886 2553 meis,

282 2571 363 2634 Quim
379 2581 422 2618 tua
438 2568 526 2618 diletlo
543 2568 686 2636 stringantur
703 2568 801 2634 pedore
815 2567 920 2625 nolim

319 2642 350 2691 Et
365 2642 449 2692 videar
466 2640 554 2692 meriti
569 2643 643 2692 vilior
658 2641 704 2692 effe
722 2641 776 2691 tibi.

227 2753 237 2770 t
281 2716 339 2765 Non
355 2713 418 2764 adeo
430 2715 482 2767 toti
499 2715 555 2765 fatis
572 2731 687 2782 urgemur
703 2713 809 2780 iniquis,

321 2786 356 2836 Ut
372 2801 428 2835 mea
444 2787 476 2836 sit
492 2787 572 2853 longis
586 2804 655 2837 mens
670 2802 767 2852 quoque
782 2797 849 2836 mota
865 2785 947 2838 malis„

238 2875 254 2913 2
259 2875 271 2923 5
284 2860 359 2926 linge
369 2871 451 2909 tamen
461 2872 550 2910 motam
562 2875 570 2909 t
582 2859 679 2926 quoties
691 2860 875 2927 Agamemnone
886 2875 970 2912 natum

317 2932 411 2982 Dixisse
428 2934 454 2982 in
470 2932 579 3000 Pyladen
595 2933 668 2984 verba
685 2946 801 2999 proterva
818 2931 913 3000 putas?
945 2995 947 3000 Ι

281 3005 337 3056 Nec
349 3006 434 3069 procul
445 3024 460 3055 a
469 3023 531 3056 vero
542 3005 593 3065 est,
607 3006 672 3073 quod
682 3010 723 3058 vel
732 3007 962 3073 pulsaritamicumf.

229 3089 244 3114 ⁶
319 3077 414 3130 Mansit
427 3078 452 3130 in
467 3077 556 3133 officiis
570 3096 625 3134 nou
637 3081 718 3134 minut
727 3083 769 3134 ille
785 3081 847 3136 suis.
