2367 3942
133 334 134 355 ᾗ
233 382 381 449 Erasi.
406 393 466 445 rx
490 378 635 445 Poura
659 376 701 445 L.
725 376 795 446 IV.
823 395 898 471 343

190 497 223 550 At
237 511 285 558 tu,
306 497 347 548 cui
361 494 451 545 bibitur
465 494 559 545 felicius
577 495 672 545 Aonius
689 494 763 553 sons,

222 572 325 622 Utiliter
341 568 442 619 studium
458 569 523 634 quod
539 569 582 619 tibi
598 569 683 625 cedit,
700 584 762 618 ama.

189 645 308 712 Sacraque
325 642 448 692 Musarum
461 640 549 692 merito
563 643 619 692 cole
630 657 638 691 t
649 642 763 707 quodque
778 642 905 708 legamus,

222 718 280 769 Huc
295 715 394 783 aliquod
407 731 471 765 curae
484 716 554 768 mitte
568 715 675 766 recentis
690 730 762 780 opus.

334 944 677 1008 EPISTOLA
717 943 812 1007 111.

297 1063 478 1128 amco
515 1067 846 1158 truamur.

193 1154 466 1284 Coriovallum
476 1220 672 1289 taceamiponam
681 1224 734 1274 sine
744 1224 844 1273 nomine
854 1220 958 1274 crimen?

172 1358 174 1368 1
223 1294 263 1343 An
278 1306 385 1353 notum,
400 1298 442 1363 qui
455 1296 508 1357 sis,
526 1298 637 1347 omnibus
653 1295 701 1347 effe
717 1294 813 1346 velim?

188 1366 292 1417 Nomine
309 1385 359 1419 non
375 1382 448 1428 utar,
464 1387 496 1421 ne
513 1369 683 1421 commendere
695 1370 794 1435 quereli
805 1362 835 1429 ,⁹

222 1439 401 1509 Quaeraturque
416 1444 460 1493 tihi
477 1442 581 1493 carmine
598 1443 662 1492 sama
675 1458 741 1493 meo.

185 1512 251 1563 Dum
267 1530 320 1565 mea
336 1514 422 1582 puppis
437 1529 490 1566 erat
504 1515 583 1565 validi
598 1515 695 1565 fundata
711 1513 814 1571 carina,
907 1530 920 1577 5

222 1586 274 1650 Qui
291 1605 386 1638 mecum
402 1590 481 1639 velles
497 1604 596 1639 currere
611 1620 619 1645 .
636 1587 725 1653 primus
742 1602 805 1637 eras.

185 1659 278 1718 Nunc,
296 1662 350 1725 quia
365 1663 487 1711 contraxit
503 1662 598 1711 vultum
614 1662 741 1721 Fortuna,
758 1659 875 1715 recedi53

220 1732 322 1783 Auxilio
339 1735 391 1799 post
408 1738 479 1802 quim
495 1734 540 1785 scis
559 1750 621 1801 opus
639 1732 686 1785 esse
703 1746 757 1783 tuo.

184 1803 329 1857 Dissimulet
345 1809 436 1867 etiam,
453 1824 499 1858 nec
514 1824 554 1857 me
569 1808 606 1859 vis
621 1807 687 1857 nosse
704 1807 802 1857 videri:

222 1876 332 1943 Quisque
348 1882 398 1939 ait,
417 1882 500 1931 audito
516 1882 633 1939 nomine,
650 1882 732 1939 Naso,
748 1896 832 1947 rogas.
908 1892 940 1927 to

184 1948 229 1999 llle
247 1952 378 2019 egosum,
395 1970 536 2021 quamquam
553 1970 604 2003 non
620 1954 658 2001 vis
674 1955 777 2011 audire,
795 1949 888 2001 vetusti

221 2022 294 2075 Paene
309 2043 371 2092 puer
386 2044 464 2093 puero
481 2026 575 2091 junctus
591 2024 704 2075 amicitii.

184 2095 228 2146 ille
245 2114 312 2165 ego,
326 2100 366 2165 qui
380 2102 470 2166 primus
481 2113 524 2151 tua
539 2098 599 2150 seria
612 2097 679 2147 nosse
694 2097 820 2153 solebam,

222 2168 273 2234 Qui
290 2172 334 2221 tibi
348 2172 458 2237 jucundis
476 2174 564 2239 primur
580 2170 660 2221 adesse
675 2169 748 2235 jocis.

182 2240 228 2292 llle
240 2242 293 2310 eg‘o
310 2247 450 2306 contritior,
467 2247 588 2312 densoque
605 2244 751 2294 domesticus
764 2242 828 2293 usu:
906 2253 936 2303 ις

221 2317 266 2365 lile
284 2333 332 2383 ego
347 2316 439 2381 judiciis
456 2320 525 2369 unica
541 2318 611 2369 Musa
627 2318 683 2367 tuis.
853 2321 858 2332 '

184 2386 313 2455 ldem'eg'o
324 2389 371 2439 sum
384 2386 443 2458 ,qui
454 2410 516 2443 nunc
528 2410 558 2443 an
568 2393 647 2441 vivam
659 2425 667 2449 ,
680 2388 771 2455 perfide
783 2422 791 2448 ,
804 2387 902 2439 nescis:

223 2460 288 2511 Cura
306 2463 350 2512 tibi
365 2465 395 2513 de
412 2484 460 2532 quo
474 2482 580 2532 quaerere
597 2466 663 2514 nulla
678 2464 733 2513 suit.

185 2530 244 2583 Sive
257 2534 292 2585 fui
307 2552 432 2603 numquam
449 2556 537 2596 carus,
555 2536 671 2588 simulasse
688 2535 792 2587 faterin

223 2606 272 2655 Seu
288 2625 336 2659 non
351 2608 476 2678 fingebas,
493 2611 619 2661 inveniere
631 2610 703 2660 levis.
903 2620 938 2656 ao

183 2680 254 2735 Dic,
269 2697 332 2747 age,
349 2684 386 2733 dic
404 2685 507 2750 aliquam
520 2717 528 2741 ,
543 2700 597 2749 quae
610 2695 638 2732 te
654 2681 798 2739 mutaverit,
816 2679 894 2731 iram:

220 2754 282 2802 Nam
299 2753 343 2804 nisi
360 2755 417 2821 julla
433 2770 477 2821 tuq
491 2757 542 2816 esi,
560 2755 620 2822 justu
634 2758 802 2823 querela-mea
817 2752 859 2804 est.
880 2816 884 2823 .

183 2825 247 2891 Quae
263 2840 289 2877 te
306 2831 454 2880 consimilem
469 2848 509 2881 res
523 2847 586 2880 nunc
603 2842 671 2879 vetat
687 2827 732 2877 esse
749 2822 847 2890 priori?

220 2899 259 2948 An
274 2901 383 2961 crimen,
401 2904 465 2969 coepi
482 2905 547 2969 quod
560 2904 631 2953 miser
647 2899 713 2957 esse,
731 2893 829 2946 vocas?

181 2972 208 3024 Si
223 2974 279 3021 mihi
293 2974 364 3025 rebus
383 2992 454 3041 opem
471 2978 559 3025 nullam
577 2975 691 3039 sellisque
706 2972 820 3027 ferebas,
902 2978 934 3025 25

219 3046 329 3099 Venisset
344 3050 424 3103 verbis
442 3050 525 3101 charta
541 3061 627 3099 notata
643 3047 730 3098 tribus.

791 3112 848 3163 Piv
