2367 3942
317 445 393 516 282
426 449 468 514 P.
493 445 688 514 orror!
711 444 945 515 Nrsortrs

316 565 358 616 Aa
372 567 477 630 populos
492 564 554 615 veti
567 565 637 614 sanos
654 575 729 630 negat
743 561 791 612 ell'e
805 562 920 629 postas?

353 639 460 704 Sumque
474 637 535 688 fides
549 637 622 702 hujus
636 639 738 686 maxima
754 637 824 685 vocis
840 636 913 702 ego?

317 710 385 776 Qui,
403 711 476 761 sterili
488 712 564 760 toties
576 709 632 759 cirbr
645 710 689 758 sim
705 709 825 775 deceptus
838 711 870 758 ab
886 727 967 769 arvo,

353 785 479 834 Damnosi
492 784 573 850 petilo
586 783 694 832 tondere
708 781 789 832 semen
805 783 890 832 humo.

280 872 306 916 ις
320 857 420 906 Scilicet
435 857 470 908 est
485 858 586 922 cupidus
600 855 730 905 studiorum
746 856 847 920 qusque
862 854 979 916 suorum,

353 930 462 995 Tempus
477 931 505 980 dt
518 929 608 979 olibeti
623 945 716 994 ponere
729 928 755 977 in
768 941 821 977 arte
837 926 918 992 juvat.

318 1002 420 1054 saucius
433 1001 512 1068 ejttrat
526 1019 630 1070 pugnam
646 1002 782 1068 gladiator,
803 1001 830 1052 ἀ
843 1001 930 1060 idem,

355 1077 482 1126 Immemor
496 1069 589 1142 antiqui
602 1076 728 1132 vulneris,
744 1090 809 1124 arma
824 1075 899 1140 tapir.
940 1105 954 1130 ,

319 1150 361 1198 Nil
374 1150 421 1199 sibi
435 1166 490 1198 cum
502 1149 583 1216 pelagi
597 1149 657 1198 dicit
669 1148 723 1197 sore
739 1147 868 1213 musragus
883 1146 974 1206 undis;
1022 1189 1024 1194 .

278 1239 309 1279 so
355 1222 420 1272 Mox
432 1223 501 1272 ducit
511 1225 598 1272 'remos
609 1255 618 1279 ,
631 1221 678 1286 qui
691 1221 765 1269 modo
778 1222 866 1277 navit,
881 1221 956 1285 aqud.

317 1295 358 1344 Sit
374 1311 422 1363 ego
436 1294 572 1344 constanter
587 1294 688 1344 liudium
702 1309 751 1342 non
764 1294 825 1342 utile
841 1309 917 1359 carpo
929 1311 940 1351 ς

354 1367 387 1418 Et
398 1380 505 1434 repeto,
522 1370 613 1418 nollem
628 1383 687 1433 quas
703 1365 913 1422 coluissemus.

320 1438 388 1504 Quid
400 1442 483 1506 potius
494 1440 602 1490 seciam?
617 1457 668 1489 non
683 1440 750 1496 sum,
766 1439 806 1504 qui
821 1439 902 1504 segnia
917 1437 1004 1489 ducem

355 1511 415 1563 Otia
426 1530 512 1564 tmors
525 1515 596 1564 nobis
612 1527 708 1579 tempus
723 1513 826 1561 babetur
840 1513 919 1562 iners.

276 1601 309 1644 45
321 1586 376 1635 Nec
391 1585 461 1650 jurat
474 1589 500 1636 in
515 1590 595 1638 lucent
610 1587 685 1636 nimio
701 1585 849 1634 marcescere
865 1585 946 1636 vinos

355 1660 409 1709 Nec
422 1672 492 1709 tenet
505 1659 612 1710 incertas
627 1661 680 1708 alea
694 1658 779 1707 blanda
795 1673 889 1708 manus.

319 1729 381 1781 Cim
393 1733 502 1782 dedimus
512 1733 595 1782 somno
607 1764 615 1791 ,
633 1747 692 1798 quas
704 1746 794 1797 corpus
803 1730 926 1796 pullulat,
944 1731 1026 1780 horas.

355 1804 414 1866 Quo
428 1821 517 1870 ponam
531 1805 634 1871 vigilans
649 1817 759 1868 tempora
776 1804 849 1870 longa
864 1801 965 1853 modo?

318 1875 398 1925 Moris
411 1892 443 1925 an
457 1878 547 1926 oblitus
561 1877 634 1942 patrii
649 1875 800 1925 contendere
815 1876 904 1926 discam

277 1963 309 2007 50
355 1949 501 2001 §amauricus
516 1948 610 2000 arcus?
630 1950 657 2001 δι
671 1949 753 1999 trahar
768 1961 820 1998 arte
835 1947 908 1999 loci?

318 2021 375 2072 Hoc
385 2039 483 2092 quoque
492 2040 531 2074 me
541 2024 641 2074 studium
651 2023 780 2088 prohibent
790 2019 905 2072 assumere
915 2021 979 2072 vires
989 2039 999 2080 ;

353 2096 476 2164 Mensque
491 2099 567 2166 magis
582 2097 665 2164 gracili
676 2111 780 2162 corpore
796 2095 872 2145 nostra
888 2098 964 2146 valet.

318 2167 380 2217 Csrrn
390 2172 452 2220 bene
462 2171 587 2236 quesieris
599 2201 607 2227 ‚
619 2171 676 2232 quid
687 2185 755 2234 agam
765 2185 774 2227 3
789 2169 864 2236 magis
875 2170 937 2218 utile
948 2170 980 2234 nil
991 2165 1024 2216 eli

353 2242 452 2292 Artibus
466 2245 523 2299 his,
539 2259 593 2307 qua
609 2243 641 2289 nrl
658 2243 769 2292 utilitatis
784 2243 884 2292 babent.

275 2328 305 2377 55
320 2313 462 2381 Consequor
478 2332 509 2364 cx
524 2315 570 2363 illis
585 2313 653 2362 cassss
670 2315 758 2364 oblivia
773 2313 855 2364 nostri.

352 2387 423 2438 Hanc
439 2387 493 2437 satis
507 2387 541 2436 eli
556 2386 653 2436 messem
669 2389 690 2436 si
706 2403 760 2436 mea
774 2387 853 2436 reddit
869 2388 965 2436 humus.

317 2457 403 2509 Gloria
416 2477 462 2509 vos
476 2471 547 2508 acuat
561 2475 570 2509 t
585 2475 632 2508 vos
649 2471 675 2508 ut
690 2460 792 2509 recitata
806 2461 941 2525 probentur

351 2531 479 2589 Carmim,
499 2530 583 2581 Pieriis
601 2533 724 2598 invigilate
741 2533 831 2582 choris.

316 2601 391 2665 Quod
405 2604 473 2653 venit
487 2619 518 2652 cx
535 2605 619 2663 facili,
635 2604 689 2654 satis
705 2604 738 2654 est
752 2621 901 2669 componere
916 2605 1001 2656 nobist
1080 2587 1081 2644 i

272 2674 305 2722 60
355 2675 385 2724 Et
401 2678 469 2724 nimis
485 2677 571 2726 intenti
588 2677 658 2726 causa
674 2678 763 2726 laboris
778 2677 851 2727 abeli.

317 2747 367 2796 Cur
382 2759 429 2815 ego
445 2747 539 2799 soliciti
554 2748 643 2816 poliam
658 2767 711 2799 mea
729 2749 831 2798 carmina
846 2749 929 2800 curii

352 2820 391 2868 An
406 2837 511 2879 verear,
532 2838 562 2870 ne
579 2839 628 2871 non
645 2823 763 2888 approbet
779 2822 819 2869 illa
836 2821 940 2874 Getes?

314 2893 423 2942 Forsitan
439 2894 551 2944 audasler
565 2895 670 2952 saciant,
687 2894 728 2943 sed
743 2895 854 2962 glorior,
874 2896 958 2947 lllrum

351 2966 450 3033 ingenio
467 2969 556 3018 nullum
572 2967 649 3033 majus
662 2969 751 3018 habere
766 2985 834 3018 meo·

269 3039 300 3097 (η’
314 3037 368 3087 Hoc
382 3072 389 3094 ‚
406 3040 446 3088 ubi
460 3042 609 3098 vivendum,
628 3041 681 3091 satis
696 3040 729 3091 ell
744 3042 764 3092 si
778 3042 912 3111 consequor
926 3057 1001 3101 arvo.

350 3111 416 3162 lnter
431 3113 573 3166 inhumanos
590 3114 638 3166 elle
656 3117 728 3183 posta
746 3115 833 3172 Getas.
