2367 3942
282 416 557 487 Tursrrvnr
583 415 693 484 Lrn.
723 420 765 496 V.
814 435 889 511 259

186 537 235 587 Nec
248 535 292 586 tibi
309 534 413 586 cessaret
428 531 512 583 dotus
528 534 592 584 bene
609 533 691 584 dicere
707 532 806 585 leslor:

217 609 263 660 llic
277 607 347 666 tibi,
363 606 461 658 servato
474 618 550 664 uate,
566 618 676 656 maneret
691 607 780 657 honor.
903 619 936 658 10

183 682 279 733 Celeris
296 681 332 732 est
346 681 450 750 primum
464 695 568 744 mutnus,
586 679 652 746 qiud
667 680 774 731 ducimus
790 695 880 730 auras:

218 754 302 805 Gratia
318 753 373 820 ppst
387 769 487 820 magnos
503 751 536 802 esl
551 753 599 801 tibi
612 753 721 802 habenda
735 753 815 804 Deos.

182 827 224 878 llle
240 828 310 879 dedit
324 827 422 885 vitam3
439 837 486 885 tu,
505 842 577 891 quam
595 825 661 874 dedit
677 826 738 884 ille,
754 827 848 877 tueris:

213 901 245 952 Et
260 899 323 952 sacis
339 910 445 963 accepto
460 913 561 949 munere
575 897 642 966 poffe
659 897 716 948 frui.

181 974 289 1040 Cquue
306 971 474 1038 perhorruerit
489 970 556 1022 cesus
570 987 625 1036 pars
639 971 741 1022 maxima
756 969 848 1023 nostros
863 1004 871 1031 ,
903 983 932 1033 15

213 1047 272 1098 Pars
287 1045 362 1096 etiarn
378 1044 446 1097 credi
459 1043 604 1110 pertimuisse
618 1043 698 1102 velit,

178 1118 387 1188 Naufragiumque
398 1134 481 1169 meum
497 1118 591 1168 tumulo
611 1117 719 1183 spellarit
734 1119 764 1168 ab
781 1120 854 1175 alto,

212 1194 269 1243 Nec
288 1190 385 1242 dederit
399 1191 465 1240 nanti
481 1206 526 1254 per
543 1189 606 1240 freta
620 1191 680 1248 seva
695 1208 816 1249 manum,
807 1208 814 1220 ·

179 1266 333 1317 Seminecem
349 1262 433 1331 Stygia
447 1261 565 1313 revocasti
581 1261 644 1314 solus
660 1263 690 1313 ab
706 1263 780 1315 unda.

214 1335 764 1404 Hocqunquequndmemorespoffirmuseffe,
774 1335 890 1386 tuumell.
900 1349 934 1384 ιο

179 1411 213 1462 Di
228 1411 274 1461 tibi
289 1410 313 1460 se
329 1411 437 1460 tribuant
452 1425 507 1459 cum
524 1407 619 1458 Caesare
636 1409 728 1476 semper
744 1411 856 1460 amicos·

216 1485 276 1534 Non
289 1483 372 1548 potuit
384 1494 470 1533 votum
483 1481 578 1547 plenius
596 1479 642 1531 esle
655 1499 745 1532 meum.

179 1556 239 1608 Haec
253 1573 322 1607 meus
336 1555 447 1624 argutis,
464 1555 485 1605 si
500 1567 528 1605 tu
542 1565 674 1621 paterere,
694 1554 781 1606 libellis

213 1628 324 1680 Poneret
338 1627 367 1680 in
380 1629 454 1680 multa
471 1629 526 1678 luce
542 1628 646 1678 videnda
661 1628 729 1678 labor

180 1701 315 1768 Sequoque
323 1718 403 1759 nunc,
414 1701 521 1768 quamvis
527 1699 624 1765 estjussa
631 1700 770 1766 quiescere,
782 1699 871 1768 quinte
898 1714 914 1749 2
918 1711 931 1761 5

215 1773 356 1824 Nominet'
349 1774 472 1832 invitum
485 1774 528 1823 vix
541 1790 595 1824 mea
609 1773 679 1824 Musa
695 1786 772 1828 tenet.

179 1847 264 1915 thue
280 1863 309 1898 ea
397 1847 492 1914 pavide
506 1847 599 1898 nasium
616 1847 714 1916 vestigia
730 1863 830 1906 cervae,

212 1863 453 1972 ἰυᾶαητῦἻωῐίη
469 1922 557 1986 copula
571 1922 629 1971 dura
643 1933 732 1970 tenet:

177 1992 263 2060 thue
280 1995 347 2044 fores
363 1995 469 2044 nondum
484 1993 584 2044 reserati
603 1994 705 2042 carceris
723 2008 780 2041 acer

213 2068 288 2116 Nunc
303 2067 386 2132 pede,
404 2084 468 2116 nunc
484 2066 536 2131 ipsa
550 2065 652 2122 fronte,
672 2064 768 2114 lacessit
783 2079 878 2128 equus;
898 2074 933 2127 30

176 2140 217 2190 Sit
232 2156 287 2188 rnen
298 2173 307 2199 ,
320 2141 375 2207 lege
391 2139 447 2189 data
462 2139 539 2189 vinsia
555 2149 629 2204 atque
645 2137 734 2197 inclusa
746 2169 755 2196 ,
769 2135 856 2186 Thalia
942 2179 945 2184 r

214 2211 263 2264 Per
280 2213 376 2264 titulum
389 2213 462 2264 vetiti
476 2211 579 2262 nominis
596 2211 630 2260 ire
647 2210 725 2276 cupit.

176 2285 219 2336 Ne
234 2297 316 2336 ternen
333 2284 415 2336 officio
430 2285 543 2336 memoris
559 2284 653 2335 ledaris
670 2283 760 2347 aprici,

214 2357 310 2409 Parebo
321 2357 413 2426 jussis,
431 2375 505 2425 perce
518 2359 624 2416 timere,
641 2358 701 2408 tuit.

178 2430 215 2482 At
230 2448 279 2481 non
294 2433 422 2498 parerem,
440 2432 486 2483 nisi
500 2431 521 2483 si
535 2431 665 2483 meminisse
681 2442 787 2498 putares·
897 2438 929 2492 35

215 2503 271 2554 Hoc
288 2506 354 2573 quod
369 2523 419 2565 non
435 2506 548 2572 prohibet
563 2523 613 2556 vox
628 2517 691 2566 tua,
711 2517 790 2574 gratus
808 2517 862 2551 ero.

177 2578 312 2642 Dumque,
331 2579 397 2646 quod
411 2596 427 2629 ο
444 2581 521 2630 breve.
533 2578 584 2629 sit!
600 2580 681 2628 lumen
696 2578 771 2630 solere
786 2575 894 2633 videbo,

214 2650 312 2704 Serviet
327 2650 409 2704 officio
426 2651 522 2721 spiritus
538 2651 580 2702 isle
599 2666 653 2704 tuo.
