2367 3942
302 452 375 503 100
410 432 451 501 P.
480 431 674 502 Ονιυιι
699 434 930 507 Nasonis

297 552 354 602 Alta
369 551 435 617 jacet
448 551 507 601 vasti
521 551 592 618 super
607 568 650 602 ora
664 551 799 618 Typhoe‘os
814 552 908 615 AEtne,

319 624 411 690 .Cujus
427 625 543 675 anhelatis
559 625 655 692 ignibus
671 626 740 674 ardet
756 626 850 676 humus.

297 698 352 749 Illic
366 699 477 748 accendit
493 698 598 765 geminas
616 714 660 763 pro
677 699 784 763 lampade
798 699 890 763 pinus;
1082 752 1083 775 Χ

334 771 399 821 Hinc
413 771 511 821 Cereris
525 771 595 821 sacris
611 786 674 820 nunc
690 786 787 837 quoque
802 774 866 821 taeda
883 773 963 827 datur.
1082 806 1083 837 r

234 858 285 909 495
298 844 338 894 Est
353 844 520 909 specus-exesi
536 842 649 893 strutiuri
665 844 764 908 pumicis
781 845 870 910 asper3
1082 900 1083 907 ἵ

333 918 392 967 Non
407 918 499 967 homini
514 918 601 984 regio,
620 933 669 966 non
684 916 795 965 adeunda
811 918 889 969 ferat:
1082 908 1083 975 i

299 989 358 1055 Qud
371 992 443 1041 simul
457 1008 485 1041 ac
500 992 589 1049 venit,
607 989 714 1039 frenatos
731 991 839 1039 curribus
855 1008 945 1060 angues

334 1063 437 1131 Iungit,
457 1064 483 1114 ἃ
498 1078 622 1129 aequoreas
639 1062 703 1112 sicca
718 1075 828 1126 pererrat
843 1080 925 1129 aquas.

297 1134 388 1203 Effugit
403 1137 429 1185 dt
445 1137 549 1202 Syrtes,
568 1135 594 1184 ἃ
608 1145 653 1193 te,
670 1134 781 1183 Zanclaea
798 1134 943 1204 Charybdi;

237 1226 288 1274 500
336 1209 368 1259 Et
382 1224 445 1266 vrrs⁴
464 1208 554 1265 Nisei,
571 1208 684 1274 naufraga
699 1207 820 1266 monstra,
839 1226 933 1269 canes;

298 1282 491 1348 Hadriacumque
501 1292 587 1347 patens
598 1278 645 1329 late
658 1312 666 1339 ,
684 1280 846 1347 bimaremque
858 1282 1006 1334 Corinthon.

334 1355 374 1405 Sic
388 1356 456 1403 venit
472 1356 502 1403 ad
517 1364 620 1418 portus,
639 1353 722 1403 Attica
738 1366 822 1413 terra,
840 1367 907 1406 tuos.

297 1428 347 1479 Hic
361 1425 462 1494 primirm
476 1427 537 1477 sedit
553 1427 635 1494 gestdo
652 1426 794 1476 maestissima
809 1427 873 1477 saxo.

336 1503 398 1551 lllud
415 1501 560 1568 Cecropidae
574 1517 637 1550 nunc
653 1516 750 1567 quoque
766 1499 829 1549 triste
844 1515 945 1551 vocant.

238 1591 287 1640 505
301 1576 350 1625 Sub
367 1575 432 1626 Jove
448 1576 542 1626 duravit
556 1575 637 1624 multis
652 1574 749 1623 immota
764 1573 866 1632 diebus,

336 1648 368 1696 Et
382 1648 457 1696 Lunae
473 1648 585 1712 patiens,
609 1648 634 1697 ὃ(
650 1646 760 1713 pluvialis
777 1663 852 1711 aquae,

298 1722 359 1772 Fert
368 1719 409 1768 sua
420 1721 507 1784 cuique
518 1720 575 1768 loco
585 1719 634 1768 est:
646 1736 693 1785 quo
704 1736 767 1768 nunc
777 1718 886 1768 Cerealis
895 1720 1007 1776 Eleusin,

335 1792 434 1841 Dicitur
447 1793 495 1841 hoc
509 1791 579 1839 Celei
592 1808 648 1840 rura
663 1791 731 1841 fuisse
748 1791 817 1841 senis.

298 1866 343 1915 Ille
360 1864 457 1913 demum
474 1863 592 1931 glandes,
614 1864 753 1931 excussaque
769 1880 836 1913 mora
852 1864 970 1924 rubetis,

239 1955 290 2004 510
338 1936 442 1996 Portat,
462 1939 487 1989 &
500 1937 587 1988 arsuris
603 1938 668 1988 arida
684 1938 748 2005 ligna
763 1935 834 1986 focis.

300 2012 359 2062 Filia
374 2028 447 2077 parva
463 2012 521 2061 duas
535 2011 662 2078 redigebat
677 2028 736 2077 rupe
753 2009 879 2075 capellam

338 2085 371 2134 Et
387 2099 456 2135 tener
472 2086 498 2135 in
513 2084 580 2133 cunis
597 2083 658 2135 fitius
674 2101 739 2151 aeger
756 2095 817 2133 erat.

300 2157 401 2217 Mater,
414 2158 448 2208 ait
462 2160 552 2224 virgo,
570 2154 658 2219 (mota
674 2156 707 2205 est
721 2156 777 2204 Dea
792 2156 889 2207 nomine
904 2156 1013 2225 matris)

338 2230 405 2293 Quid
418 2230 477 2279 facis
488 2231 514 2277 in
528 2228 583 2277 solis
598 2227 738 2275 incomitata
749 2224 811 2293 jugis
825 2226 835 2275 i

242 2313 291 2369 515
302 2303 398 2353 Restitit
407 2302 440 2352 ’δι
455 2301 553 2356 senior,
571 2299 677 2364 quamvis
692 2313 753 2347 onus
769 2312 859 2368 urget:
873 2302 899 2354 δε
914 2314 968 2353 orat
981 2336 1004 2363 ,.

245 2377 250 2385 '
337 2375 414 2425 Tetra
427 2373 472 2423 suae
486 2372 569 2421 subeat
580 2373 797 2439 quantulacumque
813 2375 880 2423 casae.

300 2450 345 2499 lua
358 2458 432 2513 negat
443 2461 452 2495 t
463 2445 585 2494 simularet
600 2460 689 2504 anum,
707 2446 823 2513 mittique
840 2447 942 2511 capillos

338 2518 454 2570 Presserat
466 2533 473 2567 a
485 2516 578 2567 instanti
592 2517 649 2566 talia
665 2518 727 2569 dieta
742 2520 828 2569 refert.

300 2594 388 2659 Sospes
402 2606 461 2648 eas,
476 2589 619 2656 semperque
632 2608 717 2657 parens
733 2592 807 2643 :mihi
820 2589 867 2641 filia
881 2605 951 2658 rapta
965 2594 1012 2647 est.

242 2683 293 2732 520
340 2663 417 2715 Heu!
433 2662 519 2712 melior
532 2662 622 2728 quanti>
634 2664 684 2715 sors
701 2678 742 2715 tua
756 2666 820 2717 sorte
835 2664 907 2723 mei!

256 2738 1011 2805 Dixitt&‚utlacrymae,nequeenimlacrymareDeorumcst.

338 2810 440 2870 Decidit
454 2810 479 2860 in
490 2808 586 2873 tepidos
601 2811 678 2860 lucida
691 2822 759 2878 gutta
770 2811 846 2860 sinus.

301 2888 373 2938 Flent
384 2884 490 2952 pariter,
506 2882 592 2931 moues
603 2883 674 2931 animi
687 2917 694 2941 ,
709 2884 827 2949 virgoque
844 2884 979 2951 senexque.

337 2960 357 3009 E
369 2959 454 3024 quibus
469 2958 520 3007 laaec
536 2953 589 3020 justi
603 2958 678 3005 verba
689 2956 757 3006 fuere
774 2955 844 3007 senis.

242 3049 290 3098 525
303 3033 343 3083 Sic
354 3032 399 3081 tibi
411 3063 419 3088 ‚
435 3048 505 3096 quam
516 3041 607 3094 raptam
623 3029 730 3093 quereris
742 3061 749 3087 ‚
767 3028 799 3077 sit
809 3027 855 3077 filia
872 3028 952 3097 sospes
962 3047 972 3089 ς

336 3104 433 3172 Surge,
451 3120 498 3155 nec
512 3103 609 3171 exiguae,
619 3100 715 3169 despice
728 3100 798 3153 testa
808 3101 875 3155 casce.
