2367 3942
262 439 411 508 Emer.
434 453 496 505 nx
521 441 665 508 Ponto
693 437 731 508 L.
757 443 786 508 I.
829 463 899 534 271

197 557 282 616 ulter,
298 560 332 608 ob
348 557 409 607 huie
424 556 528 608 similem
541 555 649 622 privatin
662 557 751 608 lumine
768 560 884 626 culpem,

230 631 356 681 Clamabat
371 629 471 687 medii,
490 629 515 679 se
530 628 660 684 meruiffe‚
678 629 726 679 vid.
782 689 784 694 Ι

197 702 262 752 Talia
278 703 399 754 Coelestes
413 701 468 753 fieri
484 703 606 768 preconia
623 699 751 770 gaudent3
916 720 947 768 55

230 777 284 834 Ut,
302 777 344 827 sua
359 776 418 844 quid
431 777 528 826 valeant
545 776 659 834 numina,
675 775 735 824 teste
751 779 865 842 probent.

195 847 261 913 Saepe
277 850 361 899 levant
375 866 459 915 poenas
472 882 480 908 ,
495 860 630 914 ereptaque
646 847 733 898 lumina
751 849 873 910 reddunt,

229 919 289 971 cum
305 923 369 972 bene
383 923 479 988 peccati
495 919 630 986 poenituiffe
646 920 740 972 vident.
821 915 824 924 ’

194 990 300 1044 Poenitet
316 1011 333 1044 ο
347 995 353 1044 !
367 995 389 1044 si
404 995 461 1061 quid
476 995 615 1044 miserorum
632 994 739 1044 creditur
753 995 806 1045 ulli.

209 1065 356 1125 *Poeniten
375 1067 402 1117 ὅ(
420 1067 483 1117 fano
500 1079 617 1134 torqueor
634 1067 682 1134 ipse
697 1083 762 1118 meo.
910 1070 945 1121 60

194 1138 303 1206 cumque
321 1140 353 1192 sit
369 1141 500 1198 exsilium,
517 1140 593 1206 magis
609 1140 641 1190 est
655 1141 712 1189 mihi
729 1144 800 1207 culpa
815 1142 914 1194 dolori:

228 1213 315 1279 Estque
330 1213 380 1279 pati
395 1229 497 1278 poenas,
518 1215 588 1278 quim
605 1213 732 1272 meruiffe,
752 1216 846 1264 minum

193 1285 228 1335 Ut
243 1286 304 1334 mihi
320 1285 355 1335 Di
369 1286 485 1343 faveant,
507 1286 592 1351 quibus
608 1285 640 1335 est
656 1287 800 1338 manifestior
816 1288 865 1354 ipse
879 1305 888 1347 ς

229 1357 303 1406 Poena
316 1357 397 1422 potest
413 1358 494 1415 demi,
513 1359 583 1424 culpa
597 1360 710 1424 perennis
725 1361 780 1410 erit.

186 1430 262 1480 'Mors
277 1431 353 1480 faciet
368 1429 455 1488 certi,
472 1448 503 1481 ne
519 1431 581 1489 tim,
601 1429 654 1480 etim
670 1433 784 1490 venerit,
802 1433 887 1484 exsul:
909 1434 941 1496 65

228 1504 267 1553 Ne
282 1520 332 1554 non
347 1503 468 1570 peccarim
481 1537 489 1562 ‚
502 1521 568 1554 mors
583 1518 679 1571 quoque
696 1521 745 1553 non
759 1505 842 1556 faciet.
978 1505 980 1510 ’

189 1577 229 1625 Nil
245 1577 320 1644 igitur
333 1578 438 1637 mirum,
456 1579 478 1627 si
493 1593 561 1628 mens
574 1578 648 1635 mihi,
665 1578 744 1628 tabida
760 1579 837 1637 feda,
892 1607 895 1611 ·

227 1650 266 1700 De
284 1651 340 1700 niue
356 1651 473 1700 manantis
488 1666 557 1700 more
573 1649 682 1716 liquescit
698 1667 775 1717 aque.

189 1722 256 1772 Estur
270 1736 299 1774 ut
313 1723 413 1774 occulti
426 1723 509 1773 vitiata
523 1725 634 1772 teredine
650 1725 738 1774 navist
795 1773 799 1782 ,

224 1793 344 1862 AEquorei
361 1796 474 1864 scopulos
490 1810 518 1846 ut
533 1810 603 1846 cavat
620 1796 772 1848 undantis:
906 1811 942 1863 70
1037 1865 1039 1868 Ι

187 1867 297 1918 Roditut'
305 1882 334 1918 ut
349 1869 430 1919 scabri
447 1871 550 1936 positum
565 1870 674 1936 rubigine
692 1871 802 1924 ferrum:

224 1941 346 1992 Conditus
364 1953 391 1991 ut
405 1943 478 1992 tineae
495 1945 601 2008 carpitur
615 1959 658 1991 ore
674 1943 754 1994 liber:

187 2014 226 2063 Sic
244 2031 299 2063 mea
315 2027 448 2080 perpetuos
465 2031 574 2065 curarum
588 2015 687 2079 petioni
702 2015 814 2073 morsus,

222 2088 284 2137 Fine
301 2089 384 2152 quibus
398 2089 465 2136 nullo
480 2085 657 2144 conficiantur,
673 2087 771 2137 habent.

187 2161 242 2209 Nec
254 2157 319 2226 priuis
329 2161 354 2209 hi
363 2173 469 2210 mentem
479 2159 565 2209 stimuli
572 2194 579 2218 ,
587 2161 656 2224 quini
665 2159 731 2217 vita,
740 2159 876 2225 relinquent
886 2175 893 2213 ε
904 2177 937 2228 75
954 2195 956 2200 ·

224 2232 324 2298 Quique
340 2233 407 2283 doiet
424 2231 512 2292 titiis,
532 2237 602 2299 quim
618 2231 688 2282 doior
705 2233 773 2297 ipse,
792 2234 871 2283 cadet.

185 2304 243 2355 Hoc
258 2304 316 2354 mihi
327 2306 347 2356 si
361 2307 466 2372 Superi,
483 2322 584 2370 quotum
596 2306 673 2355 sumus
685 2309 763 2356 omnia
776 2341 783 2365 ,
802 2307 921 2367 credent,

223 2379 335 2428 Forsitan
350 2379 436 2447 exigui
453 2380 539 2446 dignus
553 2379 661 2428 habebor
676 2395 723 2443 ope
736 2397 744 2438 3

185 2450 262 2516 lnque
281 2453 360 2503 locuni
376 2453 493 2520 Scythico
507 2469 610 2503 vacuum
626 2454 737 2502 mutabor
753 2455 782 2504 ab
798 2469 866 2505 arcu.

223 2523 280 2575 Plus
295 2525 358 2587 isto,
377 2526 448 2586 duri,
466 2525 486 2577 si
502 2543 610 2592 precer,
629 2526 677 2578 oris
693 2543 746 2579 ero.
906 2524 939 2576 so
