2367 3942
583 962 1151 1059 'OVIDII
1253 968 1879 1056 NASONIS
1946 865 1952 872 '

571 1168 686 1286 'f
750 1171 880 1323 R
961 1168 1039 1284 ι
1122 1167 1202 1286 s
1272 1167 1385 1284 T
1446 1155 1746 1293 ιιι
1816 1164 2041 1343 M

880 1382 1371 1451 LIBER
1498 1382 1650 1451 II.

737 1609 775 1646 υ
792 1610 813 1645 ι
834 1608 872 1645 n
896 1595 1010 1646 mihi
1030 1595 1282 1646 vobiscum
1305 1593 1371 1645 est
1393 1594 1603 1655 ,infelix
1625 1612 1739 1646 cura
1763 1628 1778 1653 ,
1805 1595 1968 1646 libelri
1985 1630 2009 1652 ‚

733 1669 935 1735 Ingenio
967 1670 1089 1734 perii
1124 1669 1206 1734 qui
1237 1669 1376 1720 miser
1410 1669 1509 1733 ipse
1541 1686 1652 1719 meo
1679 1666 1700 1717 ἓ

572 1740 673 1789 Cur
700 1738 847 1789 modo
877 1741 1118 1803 damnatas
1136 1742 1496 1804 'repetostsmea
1527 1742 1720 1791 crimina
1739 1774 1754 1799 ‚
1787 1737 2006 1791 Musas?

641 1811 721 1860 An
756 1813 901 1873 semel
935 1810 1001 1859 est
1030 1808 1220 1876 poen'am
1253 1812 1581 1862 commeruisse
1613 1830 1781 1878 parum
1805 1813 1829 1862 ἓ

525 1898 547 1945 5
579 1884 797 1933 Carmina
825 1883 1086 1949 fecerunt,
1123 1896 1176 1933 ut
1206 1900 1285 1932 me
1315 1884 1633 1970 cognoscere
1635 1883 1868 1950 vellent,

642 1957 820 2024 Omine
850 1973 950 2007 non
981 1956 1165 2013 fausto,
1201 1956 1378 2007 femina
1407 1956 1576 2023 virque
1603 1990 1623 2015 ,
1656 1973 1784 2030 mea.

573 2029 798 2081 Carmina
833 2032 1095 2090 fecerunt,
1132 2042 1189 2081 ut
1218 2046 1295 2081 me
1327 2044 1584 2095 moresque
1615 2040 1812 2081 notaret

644 2103 748 2155 Jam
783 2105 973 2156 demum
1004 2104 1107 2155 visa
1142 2103 1303 2155 Caesar
1333 2105 1391 2153 ab
1424 2103 1556 2154 Arte
1572 2117 1755 2155 meos..

568 2175 732 2227 Deme
766 2168 880 2229 mihi
912 2175 1121 2230 studium
1138 2211 1153 2237 ,
1187 2178 1300 2228 vitae
1331 2193 1525 2257 quoque
1558 2164 1753 2239 crimina
1785 2176 2003 2229 demes:

488 2262 553 2301 [ο
648 2249 921 2318 Acceptum
951 2252 1113 2302 resero
1139 2250 1406 2299 versibus
1383 2281 1403 2307 ,
1441 2249 1534 2299 effe
1569 2259 1776 2312 noceas·

572 2321 685 2373 Hoc
712 2326 921 2389 pretium
951 2340 1079 2373 curae
1107 2322 1511 2389 vigilatorumque
1540 2321 1760 2374 laborum

649 2394 916 2461 Cepimus:
940 2396 1137 2463 ingenio
1168 2410 1312 2460 poena
1345 2407 1540 2460 reperta
1571 2413 1702 2446 meo.

575 2467 631 2528 Si¹
661 2468 870 2533 saperem
896 2502 910 2527 ,
946 2469 1109 2517 dodias
1140 2465 1332 2517 odiffem
1366 2466 1473 2533 jure
1507 2464 1693 2522 sor'ores
1717 2500 1738 2525 ,

646 2541 852 2590 Numina
886 2542 1067 2590 cultori
1097 2540 1366 2606 perniciosa
1399 2541 1499 2591 suo.

491 2627 549 2674 15
577 2612 642 2662 At
674 2630 799 2664 nunc
823 2648 841 2672 ‚
879 2625 1013 2663 tanta
1042 2630 1154 2664 meo
1187 2630 1354 2664 comes
1393 2614 1459 2664 est
1491 2613 1665 2672 insania
1694 2613 1864 2663 morbo
1893 2611 1914 2661 Ξ

642 2685 765 2735 Saxa
793 2704 951 2739 meum
979 2687 1144 2737 refero
1173 2688 1335 2737 rursus
1367 2687 1424 2736 ad
1459 2688 1549 2735 ieta
1580 2687 1778 2752 pedem.

572 2758 769 2809 Scilicet
806 2759 857 2811 δι
886 2760 1040 2809 νίἂιις
1069 2762 1250 2825 repetit
1279 2760 1513 2830 gladiator
1539 2776 1731 2808 arenam
1753 2793 1773 2818 ,

643 2832 706 2883 Et
730 2833 857 2883 redit
886 2833 934 2883 in
964 2833 1169 2883 tumidas
1199 2834 1425 2899 naufraga
1453 2832 1623 2897 puppis
1654 2848 1824 2898 aquas.

515 2920 518 2923 ’
572 2904 794 2957 Forsitan
816 2940 831 2964 ,
870 2918 923 2956 ut
954 2906 1195 2972 quondam
1221 2905 1539 2955 Teuthrantia
1573 2921 1721 2972 regna
1755 2900 1988 2962 tenenti,

488 2992 553 3027 ιο
647 2978 728 3028 Sic
760 2980 873 3030 mihi
900 2996 979 3029 res
1013 2980 1179 3029 eadem
1210 2980 1383 3029 vulnus
1416 2993 1653 3044 opemque
1685 2978 1812 3027 feret
1839 2995 1856 3034 ;

569 3050 806 3118 Musaque
831 3086 848 3111 ,
883 3070 1020 3118 quam
1043 3052 1195 3101 movit
1215 3084 1230 3109 ‚
1269 3064 1446 3102 motam
1467 3067 1659 3117 quoque
1681 3051 1830 3101 lenIet
1851 3049 1992 3099 iram.

654 3125 870 3177 Exorant
902 3142 1099 3194 magnos
1134 3125 1340 3176 carmina
1375 3126 1496 3190 saepe
1528 3124 1690 3177 DeoS.

624 1644 643 1673 Χ
