2367 3942
671 916 1157 1003 0v1D11
1246 812 1901 1001 NASONIS„

593 1118 874 1237 ΕΑ,
933 1118 1010 1235 S
1071 1115 1187 1233 T
1235 1112 1360 1234 O
1423 1116 1553 1233 R
1616 1119 1761 1240 U
1818 1112 1984 1232 M

890 1353 1383 1422 LIBER
1480 1352 1648 1422 IV.

570 1481 708 1599 a&
725 1561 756 1596 1.
772 1560 820 1597 Μ
837 1559 874 1598 Α
893 1579 908 1605 ,
930 1547 1041 1600 fave
1061 1548 1162 1598 vati
1177 1580 1193 1605 ‚
1218 1546 1517 1615 geminorum
1537 1556 1687 1594 mater
1710 1541 1967 1594 Amorum.

641 1619 720 1668 Ad
745 1631 907 1669 vatem
934 1622 1100 1669 vultus
1128 1622 1299 1670 retulit
1322 1620 1406 1669 illa
1434 1619 1562 1668 suos.

570 1691 704 1755 Quid
734 1692 824 1741 tibi
845 1724 860 1747 ‚
892 1691 959 1741 ait
980 1724 996 1749 ,
1027 1708 1222 1740 mecum
1246 1690 1268 1739 ἓ
1302 1689 1439 1739 εει-τὲ
1469 1688 1652 1755 majora
1680 1690 1910 1741 canebas.

640 1765 767 1812 Num
797 1775 940 1812 vetus
968 1764 1018 1812 in
1047 1764 1181 1813 molli
1214 1762 1412 1827 pestere
1444 1762 1617 1810 vulnus
1646 1761 1847 1812 habes?

521 1850 547 1898 5
574 1835 679 1885 Scis
701 1868 715 1893 ,
741 1835 852 1883 Dea
876 1867 892 1894 ,
920 1835 1144 1901 respondi
1167 1868 1182 1892 ,
1217 1835 1277 1884 de
1307 1835 1530 1885 vulnere.
1565 1832 1693 1884 Risit
1716 1849 1733 1884 ε
1768 1836 1823 1886 ὃ(
1845 1836 1997 1887 aethes·

639 1907 862 1960 Protinus
895 1925 958 1959 ex
989 1909 1070 1958 ina
1097 1920 1234 1975 parte
1266 1907 1466 1958 serenus
1498 1917 1623 1957 erat.

556 1981 767 2032 Saucius
786 2016 801 2040 ‚
835 1999 897 2033 an
925 1982 1062 2034 sanus
1083 2016 1098 2042 ,
1128 1981 1363 2051 numquid
1387 1996 1472 2032 tua
1500 1980 1638 2051 signa
1662 1981 1837 2049 reliqui
1861 1980 1883 2030 ἓ

639 2056 720 2106 Tu
749 2057 864 2106 mihi
897 2058 1204 2124 propositum
1233 2092 1249 2117 ,
1284 2069 1341 2106 tu
1370 2056 1490 2106 mihi
1518 2056 1705 2122 semper
1738 2071 1883 2120 opus.

569 2128 696 2193 Quae
727 2131 890 2181 decuit
911 2165 927 2191 ,
959 2132 1125 2198 primis
1156 2132 1264 2182 sine
1296 2130 1497 2180 crimine
1526 2130 1725 2179 lusimus
1759 2128 1894 2179 annis
1921 2143 1941 2187 3
1966 2168 1974 2192 ;

485 2215 548 2251 10
641 2204 785 2253 Nunc
819 2206 995 2255 teritur
1022 2204 1191 2254 nostris
1220 2218 1330 2252 area
1358 2200 1516 2266 major
1544 2202 1702 2267 equis.

560 2276 812 2344 Tempora
833 2294 942 2327 cum
966 2278 1123 2327 causis
1148 2308 1166 2334 ,
1205 2274 1474 2326 Annalibus
1498 2288 1637 2326 etum
1665 2274 1832 2343 priscis
1854 2308 1871 2334 ,

639 2350 884 2417 Lapsaque
919 2352 1000 2400 sub
1025 2363 1180 2400 terras
1201 2375 1226 2407 ,-
1254 2358 1460 2414 ortaque
1490 2349 1668 2417 signa.,
1705 2364 1847 2399 cano.

486 2439 491 2445 ·
565 2424 805 2478 Venimus
825 2424 886 2473 ad
908 2435 1125 2489 quartum
1146 2454 1162 2479 ‚
1190 2437 1287 2487 quo
1308 2432 1364 2471 tu
1387 2422 1700 2473 celeberrima
1720 2454 1735 2478 ‚
1759 2421 2003 2474 mensem.

642 2497 705 2546 Et
732 2510 892 2547 vatem
917 2530 932 2554 ,
967 2496 1019 2547 &
1041 2495 1249 2543 mensem
1275 2494 1367 2545 scis
1383 2530 1406 2554 ,
1436 2497 1612 2548 Venus
1632 2529 1648 2553 ,
1681 2493 1772 2543 effe
1801 2507 1941 2548 tuos.

473 2583 505 2618 -ι
519 2583 544 2632 5
571 2570 715 2620 Mota
745 2567 1043 2637 Cytheriacis
1071 2569 1382 2619 levites-'mea
1412 2579 1823 2636 temporamytto

641 2643 865 2710 Contigit
891 2658 905 2694 τ
933 2643 985 2694 &
1007 2676 1024 2703 ‚
1065 2642 1295 2709 Coeptum
1326 2642 1507 2708 perfice
1529 2675 1546 2701 ,
1581 2640 1698 2690 dixit
1722 2675 1739 2697 ,
1777 2656 1926 2707 opus.

565 2718 814 2768 Sensimus
839 2733 856 2775 ;
901 2718 954 2769 &
985 2716 1140 2767 subiti>
1174 2717 1326 2767 causae
1354 2729 1557 2783 patuere
1590 2713 1794 2765 dierum.

643 2792 774 2841 Dum
797 2790 917 2843 licet»
935 2824 954 2849 ,
983 2791 1034 2839 &
1053 2790 1236 2856 spirant
1259 2790 1445 2839 flamina
1465 2823 1479 2847 ,
1516 2788 1650 2838 navis
1673 2801 1777 2839 eat.

563 2864 620 2915 si
645 2878 736 2931 qua
758 2876 920 2924 tamen
948 2877 1058 2930 pars
1081 2876 1135 2913 te
1166 2864 1228 2913 de
1251 2863 1396 2914 Fastis
1420 2876 1621 2929 tanget-e
1643 2862 1791 2912 debet
1810 2871 1832 2921 ',

477 2954 550 2989 20
645 2938 804 2989 Caesar
827 2972 842 2997 ,
873 2940 921 2990 in
947 2936 1103 3004 Apgili
1127 2971 1142 2994 ‚
1181 2954 1277 3002 quo
1305 2935 1515 2986 tenearis
1542 2968 1560 2995 ,
1591 2936 1764 2987 habes.
1849 2975 1855 2981 .

570 3011 667 3062 Hic
688 3012 750 3061 ad
778 3026 830 3062 te
861 3013 1034 3079 magna
1065 3009 1315 3059 descendit
1343 3009 1549 3076 imagine
1580 3010 1757 3062 mensis
1784 3039 1802 3067 ,

642 3083 706 3134 Et
732 3082 788 3137 fit
813 3084 1046 3152 adoptiva
1074 3081 1327 3133 nobilitate
1354 3092 1489 3135 tuus·
