2367 3942
250 448 561 513 FAsrortvsr
587 442 694 511 ΜΒ.
721 447 790 514 VI.
821 466 893 542 139
987 522 989 528 ,

172 561 232 613 Post
249 563 308 613 illud
325 555 372 613 'nee
388 578 446 613 aves
461 578 535 612 cunas
549 560 647 612 violasse
661 561 793 621 seruntur3

212 635 249 685 Et
264 636 340 686 rediit
354 652 452 701 puero,
468 636 509 701 qui
525 635 570 687 suit
584 648 659 693 ante,
679 636 757 685 color.

172 707 282 773 Pinguia
297 726 342 759 cur
357 709 405 758 illis
422 708 545 776 grrstentur
559 709 624 758 larda
640 708 770 767 kalendis,

211 781 346 849 Mixtaque
363 799 418 831 cum
436 782 516 831 calido
529 782 561 832 sit
577 782 632 831 faba
646 781 728 840 farre,
745 778 840 849 rogas?
905 797 955 846 170
1047 836 1051 847 ⁴

173 852 258 903 Prisca
272 856 330 906 Dea
344 856 378 905 est
389 872 399 913 ;
411 855 532 920 aliturque
548 855 626 913 cibis,
643 854 726 921 quibus
741 868 797 907 ante
814 855 905 913 solebat
917 875 926 915 ς

211 926 271 977 Nec
285 929 353 993 petit,
364 928 467 978 adscitas
482 928 603 977 luxuriosa
619 930 702 993 dapes.

174 998 253 1050 Piscis
268 1002 349 1051 adhue
362 1002 398 1051 illi
414 1002 507 1067 populo
520 1003 573 1051 sine
589 1000 674 1050 fraude
691 1002 808 1061 natabat,

212 1073 350 1142 Ostreaque
366 1075 392 1125 in
406 1074 507 1123 conchis
520 1086 574 1124 tuta
589 1074 660 1125 fuere
674 1074 731 1124 suis.

173 1145 233 1195 Nec
246 1146 342 1197 Latium
359 1146 448 1205 mitat,
467 1165 537 1214 quam
553 1148 646 1215 praebet
661 1148 730 1209 Ionia
747 1146 836 1209 dives,
902 1162 951 1212 175

213 1220 268 1270 Nec
286 1236 339 1287 quae
356 1219 469 1288 Pygmaeo
484 1221 599 1289 sangnine
616 1221 723 1287 gaudet,
741 1236 819 1271 avem.

175 1290 208 1339 Et
223 1304 314 1357 praeter
329 1310 421 1359 pennas
439 1293 497 1343 nihil
513 1294 538 1342 in
552 1311 649 1360 pavone
665 1294 799 1359 placebat;

212 1366 266 1414 Nec
283 1366 358 1417 tellus
375 1379 458 1431 captas
472 1367 567 1417 miserat
583 1379 639 1416 ante
655 1368 728 1416 seras.
810 1423 813 1433 ¹

176 1436 220 1488 Sus
236 1451 290 1488 erat
305 1439 330 1488 in
345 1440 426 1504 pretio
441 1455 449 1489 t
464 1439 527 1490 cresi
542 1440 602 1498 sue,
620 1438 677 1489 festa
694 1440 816 1489 colebant.

211 1510 290 1561 Terra
306 1512 373 1562 sabas
390 1510 501 1571 tantdm,
517 1512 625 1577 duraque
642 1512 704 1561 sarra
721 1512 800 1561 dabat.
900 1510 950 1561 180

177 1580 239 1645 Quae
255 1585 305 1634 duo
319 1585 395 1635 mixta
410 1584 482 1635 simul
498 1584 570 1635 sextis
584 1584 728 1650 quicumque
744 1582 853 1634 kalendis

211 1657 315 1715 Ederit,
335 1658 393 1707 huic
409 1655 465 1708 laedi
480 1654 572 1706 viscera
588 1657 654 1722 posse
670 1668 767 1725 negant.

176 1727 240 1779 Arce
257 1746 354 1797 quoque
370 1732 396 1779 in
412 1730 500 1780 summi
516 1728 605 1781 Junoni
620 1732 710 1796 templa
725 1730 836 1784 Moneta

209 1802 247 1852 Ex
262 1816 323 1853 voto
338 1816 473 1853 memorant
488 1804 568 1864 satta,
587 1803 707 1862 camille,
724 1815 778 1855 tuo.

175 1873 239 1925 Ante
254 1876 340 1927 domus
357 1875 436 1927 Manli
452 1878 566 1936 fuerant,
583 1878 623 1943 qui
640 1877 735 1930 Gallica
753 1876 873 1943 quondam
897 1875 926 1926 18
932 1891 944 1941 5

208 1948 231 1998 A
249 1948 391 2015 Capitolino
407 1951 497 2014 repulit
513 1966 577 2001 arma
596 1950 669 2001 Jove.

174 2018 253 2084 Quim
270 2024 352 2081 bene,
373 2022 409 2073 Di
424 2022 504 2090 magni
519 2022 525 2071 l
544 2023 623 2090 pugni
637 2021 761 2073 cecidisset
775 2021 801 2071 in
816 2022 856 2071 illa

207 2094 331 2145 Defensor
347 2095 418 2152 solii,
436 2095 549 2161 luppiter
565 2098 614 2145 alte
624 2127 635 2151 ,,
653 2095 709 2145 tuil

171 2164 261 2225 Vixit,
278 2179 306 2218 ut
321 2168 448 2218 occideret
464 2169 589 2218 damnatus
604 2167 703 2217 erimine
715 2166 803 2235 regni:

207 2238 280 2289 Hunc
296 2241 331 2291 illi
345 2241 442 2290 titulum
458 2241 531 2309 longa
546 2241 641 2292 senesia
657 2242 736 2291 dabat.
893 2254 943 2305 190

172 2310 224 2362 Lux
240 2313 325 2363 eadem
343 2313 419 2363 Marti
435 2314 494 2364 sessa
509 2314 563 2373 esi,
581 2332 653 2382 quem
666 2313 783 2382 prospicit
798 2324 866 2364 extra

208 2386 353 2451 Appositum
367 2386 450 2437 'reela
467 2401 537 2453 porta
553 2388 653 2455 Capena
667 2386 732 2438 vim„

170 2457 209 2507 Te
221 2475 336 2525 quoque,
354 2460 514 2527 Tempestas,
530 2463 640 2511 meritam
657 2462 756 2529 delubra
770 2460 893 2519 fatemur,

207 2530 268 2580 Cum
285 2548 354 2597 paene
370 2532 405 2582 esi
421 2533 504 2583 Corsis
522 2536 607 2584 obruta
623 2535 704 2584 classis
718 2534 795 2600 aquis.

172 2602 230 2653 Her
241 2605 364 2655 hominum
374 2620 528 2656 monumenta
538 2618 624 2673 patent
636 2623 643 2657 τ
656 2608 675 2656 si
686 2607 790 2673 quaeritis
800 2606 869 2665 astra,
892 2618 939 2669 195

205 2677 276 2726 Tunc
292 2680 371 2728 oritur
387 2680 465 2747 magni
481 2692 576 2744 praepes
586 2679 681 2729 adunca
697 2680 776 2731 lovis.

172 2746 362 2801 POSTERA
376 2752 419 2802 lux
438 2752 555 2819 Hyadas,
571 2752 682 2802 Taurinae
699 2767 790 2803 cornua
806 2750 914 2805 frontis,

205 2822 318 2874 Evocate
332 2824 359 2875 &
375 2825 449 2875 multi
465 2837 530 2875 tetra
544 2826 659 2876 madescit
674 2825 744 2893 aqui.

171 2894 285 2945 MANE
301 2898 344 2946 ubi
361 2894 437 2949 fueris
445 2931 453 2957 ,
471 2896 624 2965 Phoebusque
638 2898 765 2948 intraverit
779 2908 867 2953 ortus,

206 2969 326 3035 Fassaque
341 2970 404 3027 erit,
419 2970 502 3035 posito
517 2988 573 3022 rote
587 3007 596 3032 ,
612 2972 648 3023 bis
666 2972 713 3019 uda
729 2970 817 3037 segete
887 2981 939 3017 200

170 3040 219 3090 Hac
235 3043 329 3092 sacrata
345 3043 383 3092 die
399 3043 480 3095 Tusco
494 3046 595 3095 Bellona
613 3044 695 3094 duello

202 3115 301 3167 Dicitur
312 3131 321 3168 t
332 3116 360 3169 dt
374 3112 443 3168 Latio
459 3119 573 3184 prospera
588 3118 681 3182 semper
695 3114 771 3167 adest.
