2367 3942
207 430 351 499 Eursr.
377 442 435 497 rx
463 427 605 495 Porro
631 424 671 496 L.
698 426 763 496 III.
793 445 867 522 335

154 545 219 599 Ctim
234 558 337 614 pereant
350 544 402 595 acie
417 545 548 595 fortissima
564 561 664 611 quaeque
678 578 685 603 ‚
702 544 743 596 sub
758 545 809 611 ipso

193 620 301 678 Judice,
319 617 425 669 delectus
441 618 529 669 Martis
546 619 640 684 iniquus
656 618 714 668 erit.

157 692 211 753 At,
231 693 251 743 si
265 693 330 743 forte
338 692 406 743 uelis
422 692 447 741 in
462 706 507 742 nos
523 692 666 759 inquirere,
684 707 756 743 nemo
773 690 807 742 est

195 766 247 831 Qui
264 765 308 825 se,
325 764 391 833 quod
405 766 513 831 patitur,
531 764 695 815 commeruisse
712 777 795 833 neget.

156 838 318 907 Adde,quod
327 838 451 889 exstintios
461 837 634 904 velaquiflei
643 835 741 898 Marte,
750 840 789 889 vel
798 836 863 907 igni,
879 850 892 904 3
899 853 912 902 5

195 914 271 963 Nulla
286 911 366 979 potest
381 912 469 963 iterum
483 910 605 962 restituisse
621 911 684 961 dies,

158 986 274 1039 Restituit
288 987 398 1045 multos,
414 998 456 1035 aut
468 1002 547 1052 poenae
560 996 630 1052 parte
645 982 737 1035 levavit

195 1059 298 1119 Caesar5
316 1060 342 1110 ὃ(
356 1059 381 1108 in
397 1059 477 1113 multis
493 1075 533 1110 me
549 1059 610 1109 velit
626 1057 693 1117 effe,
708 1075 806 1125 precor.

158 1132 199 1185 An
215 1145 262 1191 tu,
280 1129 334 1183 edm
348 1131 392 1182 tali
407 1134 511 1200 populus
524 1133 565 1182 sub
579 1131 690 1198 Principe
702 1132 796 1191 simus,

196 1206 314 1273 Alioquin
328 1205 425 1273 profugi
440 1206 519 1257 credis
534 1205 608 1256 ineffe
625 1203 738 1255 metum?
879 1219 916 1267 4ο

160 1279 275 1334 Forsitan
288 1280 341 1329 hec
358 1279 456 1330 domino
473 1279 582 1329 Busiride
598 1278 652 1344 jure
669 1278 790 1336 timeres,

196 1353 250 1402 Aut
268 1352 338 1403 solito
355 1352 449 1402 clausos
467 1368 537 1402 urere
554 1351 579 1401 in
595 1368 644 1401 aere
658 1351 735 1402 viros.

120 1462 122 1473 i
161 1426 256 1478 Desine
271 1422 355 1476 mitem
371 1426 473 1475 animum
489 1442 553 1475 vano
568 1425 685 1475 infamare
699 1425 800 1475 timore.

197 1500 267 1550 Sava
283 1499 341 1566 quid
357 1497 382 1549 in
400 1499 500 1565 placidis
519 1499 572 1549 saxa
588 1498 683 1548 veteris
698 1494 791 1564 aquis?
930 1540 936 1548 .

162 1573 216 1640 Ipse
231 1588 298 1640 ego,
314 1573 379 1639 quod
392 1570 470 1637 primd
484 1571 568 1638 scripsi
582 1572 635 1621 sine
648 1572 747 1621 nomine
762 1568 852 1628 vobis,
881 1583 915 1631 45

199 1645 251 1699 Vix
266 1644 373 1696 excusari
387 1645 452 1711 posse
468 1646 526 1695 mihi
540 1645 637 1695 videor.

164 1718 213 1771 Sed
228 1734 305 1784 pavor
319 1720 426 1771 attonito
441 1719 540 1770 rationis
555 1718 680 1769 ademerat
692 1716 780 1767 usumt

200 1790 312 1843 Cesserat
324 1808 395 1843 omne
412 1792 482 1845 novis
497 1791 672 1859 consiliumque
689 1791 767 1841 malis.

163 1866 343 1932 Fortunamque
358 1882 436 1916 meam
451 1876 581 1924 metuens,
599 1882 648 1915 non
662 1864 765 1916 vindicis
778 1862 856 1922 iram,

200 1938 323 2005 Terrebat
338 1938 411 1988 titulo
427 1939 529 1987 nominis
544 1939 595 2001 ipse
610 1938 668 1988 mei.
887 1948 920 1998 50

164 2011 287 2063 Hndienus
303 2010 439 2060 admonitus
457 2009 558 2057 memori
573 2010 683 2059 concede
698 2010 795 2073 podtae,

203 2084 283 2134 Ponat
297 2094 325 2131 ut
341 2080 366 2131 in
384 2080 473 2131 chartis
489 2080 586 2129 nomina
604 2095 659 2129 cara
675 2080 730 2130 suis.

164 2156 250 2223 Turpe
270 2153 318 2209 erit
331 2154 447 2204 ambobus
459 2186 467 2212 ‚
485 2154 560 2221 longo
574 2152 632 2201 mihi
649 2153 772 2218 proximus
787 2152 851 2213 usu.

204 2230 231 2280 Si
246 2226 313 2277 nulli
327 2226 381 2277 libri
393 2239 462 2293 parte
477 2227 558 2295 legare
575 2226 633 2276 mei.

165 2304 206 2355 Ne
223 2313 306 2353 tamen
320 2298 362 2350 ide
377 2312 456 2351 metus
472 2300 567 2351 somnos
583 2299 629 2349 tibi
642 2315 756 2366 rumpere
772 2297 850 2367 possit
859 2332 868 2359 ,
890 2312 920 2362 55

172 2428 174 2435 ,
204 2376 265 2425 Non
280 2373 364 2433 ultra,
382 2376 452 2441 quim
466 2372 524 2429 vis,
542 2370 663 2423 officiosus
680 2389 734 2423 ero.
855 2428 858 2434 ¹

166 2450 256 2516 Teque
272 2459 373 2515 tegam,
391 2447 432 2515 qui
447 2446 479 2500 sis
491 2480 499 2506 ‚
511 2446 556 2497 nisi
570 2444 626 2497 edm
638 2446 773 2512 perndseris
789 2445 852 2522 ipse.

206 2521 318 2589 Cogetur
331 2536 404 2571 nemo
418 2537 503 2571 munus
518 2521 609 2570 habere
624 2536 715 2571 meum.

168 2595 211 2647 Tu
225 2592 319 2654 modu,
336 2611 408 2663 quem
420 2608 519 2660 poteras
535 2595 576 2643 rel
589 2592 674 2659 aperte
689 2605 757 2645 tutus
770 2608 872 2651 amare.

206 2666 234 2719 si
247 2683 286 2721 res
302 2666 336 2723 en
352 2678 443 2736 anceps
459 2666 522 2727 ista,
542 2667 649 2717 latenter
664 2682 728 2719 ama.
891 2661 927 2714 60
