<?xml version="1.0" encoding="UTF-8"?>
<!DOCTYPE html PUBLIC "-//W3C//DTD XHTML 1.0 Transitional//EN"
    "http://www.w3.org/TR/xhtml1/DTD/xhtml1-transitional.dtd">
<html xmlns="http://www.w3.org/1999/xhtml" xml:lang="en" lang="en">
 <head>
  <title>
</title>
<meta http-equiv="Content-Type" content="text/html;charset=utf-8" />
  <meta name='ocr-system' content='tesseract 3.04.00' />
  <meta name='ocr-capabilities' content='ocr_page ocr_carea ocr_par ocr_line ocrx_word'/>
</head>
<body>
  <div class='ocr_page' id='page_1' title='image "./povidiinasoniso01heingoog_0029.png"; bbox 0 0 2367 3942; ppageno 0'>
   <div class='ocr_carea' id='block_1_1' title="bbox 311 374 919 469">
    <p class='ocr_par' dir='ltr' id='par_1_1' title="bbox 311 374 919 469">
     <span class='ocr_line' id='line_1_1' title="bbox 311 374 919 469; baseline 0.005 -27"><span class='ocrx_word' id='word_1_1' title='bbox 311 394 363 469; x_wconf 77' lang='lat'>24</span> <span class='ocrx_word' id='word_1_2' title='bbox 412 376 454 443; x_wconf 86' lang='lat' dir='ltr'>P.</span> <span class='ocrx_word' id='word_1_3' title='bbox 475 376 668 446; x_wconf 76' lang='lat' dir='ltr'>omn</span> <span class='ocrx_word' id='word_1_4' title='bbox 694 374 919 447; x_wconf 69' lang='lat' dir='ltr'>Naroma</span> 
     </span>
    </p>
   </div>
   <div class='ocr_carea' id='block_1_2' title="bbox 171 492 1025 3033">
    <p class='ocr_par' dir='ltr' id='par_1_2' title="bbox 171 492 1025 3033">
     <span class='ocr_line' id='line_1_2' title="bbox 306 492 907 562; baseline -0.002 -17"><span class='ocrx_word' id='word_1_5' title='bbox 306 495 361 545; x_wconf 87' lang='lat' dir='ltr'>Nec</span> <span class='ocrx_word' id='word_1_6' title='bbox 374 494 435 544; x_wconf 77' lang='lat' dir='ltr'>levis</span> <span class='ocrx_word' id='word_1_7' title='bbox 449 494 567 553; x_wconf 77' lang='lat' dir='ltr'>ambitio,</span> <span class='ocrx_word' id='word_1_8' title='bbox 582 492 727 561; x_wconf 81' lang='lat' dir='ltr'>perfusaque</span> <span class='ocrx_word' id='word_1_9' title='bbox 741 496 907 562; x_wconf 71' lang='lat' dir='ltr'>gloriosum,</span> 
     </span>
     <span class='ocr_line' id='line_1_3' title="bbox 343 566 856 634; baseline 0 -17"><span class='ocrx_word' id='word_1_10' title='bbox 343 566 520 634; x_wconf 80' lang='lat' dir='ltr'>Magnarumve</span> <span class='ocrx_word' id='word_1_11' title='bbox 535 567 612 617; x_wconf 79' lang='lat' dir='ltr'>sames</span> <span class='ocrx_word' id='word_1_12' title='bbox 627 567 757 618; x_wconf 82' lang='lat' dir='ltr'>solicitavit</span> <span class='ocrx_word' id='word_1_13' title='bbox 770 584 856 633; x_wconf 83' lang='lat' dir='ltr'>opum.</span> 
     </span>
     <span class='ocr_line' id='line_1_4' title="bbox 243 638 863 699; baseline -0.003 -7"><span class='ocrx_word' id='word_1_14' title='bbox 243 644 292 698; x_wconf 84' lang='lat'>305</span> <span class='ocrx_word' id='word_1_15' title='bbox 306 638 449 692; x_wconf 70' lang='lat' dir='ltr'>Admovere</span> <span class='ocrx_word' id='word_1_16' title='bbox 461 639 538 691; x_wconf 81' lang='lat' dir='ltr'>oculis</span> <span class='ocrx_word' id='word_1_17' title='bbox 548 638 656 690; x_wconf 80' lang='lat' dir='ltr'>distantia</span> <span class='ocrx_word' id='word_1_18' title='bbox 668 640 748 690; x_wconf 77' lang='lat' dir='ltr'>sidera</span> <span class='ocrx_word' id='word_1_19' title='bbox 760 640 863 699; x_wconf 79' lang='lat' dir='ltr'>nostris,</span> 
     </span>
     <span class='ocr_line' id='line_1_5' title="bbox 342 710 837 781; baseline 0 -19"><span class='ocrx_word' id='word_1_20' title='bbox 342 710 493 779; x_wconf 78' lang='lat' dir='ltr'>AEtheraque</span> <span class='ocrx_word' id='word_1_21' title='bbox 507 713 607 781; x_wconf 81' lang='lat' dir='ltr'>ingenio</span> <span class='ocrx_word' id='word_1_22' title='bbox 623 712 769 778; x_wconf 75' lang='lat' dir='ltr'>supposuere</span> <span class='ocrx_word' id='word_1_23' title='bbox 785 712 837 763; x_wconf 88' lang='lat' dir='ltr'>suo.</span> 
     </span>
     <span class='ocr_line' id='line_1_6' title="bbox 306 784 970 853; baseline -0.003 -17"><span class='ocrx_word' id='word_1_24' title='bbox 306 785 346 836; x_wconf 88' lang='lat' dir='ltr'>Sic</span> <span class='ocrx_word' id='word_1_25' title='bbox 358 786 449 851; x_wconf 87' lang='lat' dir='ltr'>petitur</span> <span class='ocrx_word' id='word_1_26' title='bbox 464 786 552 835; x_wconf 83' lang='lat' dir='ltr'>eoelum</span> <span class='ocrx_word' id='word_1_27' title='bbox 563 801 571 837; x_wconf 77' lang='lat' dir='ltr'>r</span> <span class='ocrx_word' id='word_1_28' title='bbox 583 802 634 835; x_wconf 90' lang='lat' dir='ltr'>non</span> <span class='ocrx_word' id='word_1_29' title='bbox 646 798 674 835; x_wconf 90' lang='lat' dir='ltr'>ut</span> <span class='ocrx_word' id='word_1_30' title='bbox 684 785 746 835; x_wconf 86' lang='lat' dir='ltr'>serat</span> <span class='ocrx_word' id='word_1_31' title='bbox 754 784 830 835; x_wconf 78' lang='lat' dir='ltr'>offan</span> <span class='ocrx_word' id='word_1_32' title='bbox 840 784 970 853; x_wconf 76' lang='lat' dir='ltr'>Olympus,</span> 
     </span>
     <span class='ocr_line' id='line_1_7' title="bbox 343 856 885 925; baseline 0.002 -18"><span class='ocrx_word' id='word_1_33' title='bbox 343 858 487 925; x_wconf 81' lang='lat' dir='ltr'>Summaque</span> <span class='ocrx_word' id='word_1_34' title='bbox 498 856 609 909; x_wconf 81' lang='lat' dir='ltr'>Peliacus</span> <span class='ocrx_word' id='word_1_35' title='bbox 622 858 703 909; x_wconf 73' lang='lat' dir='ltr'>sidera</span> <span class='ocrx_word' id='word_1_36' title='bbox 715 869 799 925; x_wconf 76' lang='lat' dir='ltr'>tangat</span> <span class='ocrx_word' id='word_1_37' title='bbox 811 874 885 924; x_wconf 83' lang='lat' dir='ltr'>apex.</span> 
     </span>
     <span class='ocr_line' id='line_1_8' title="bbox 306 930 960 999; baseline -0.008 -14"><span class='ocrx_word' id='word_1_38' title='bbox 306 931 359 985; x_wconf 83' lang='lat' dir='ltr'>Nos</span> <span class='ocrx_word' id='word_1_39' title='bbox 371 947 468 999; x_wconf 88' lang='lat' dir='ltr'>quoque</span> <span class='ocrx_word' id='word_1_40' title='bbox 483 932 525 981; x_wconf 90' lang='lat' dir='ltr'>sub</span> <span class='ocrx_word' id='word_1_41' title='bbox 536 932 637 982; x_wconf 79' lang='lat' dir='ltr'>ducibus</span> <span class='ocrx_word' id='word_1_42' title='bbox 648 932 737 982; x_wconf 85' lang='lat' dir='ltr'>coelum</span> <span class='ocrx_word' id='word_1_43' title='bbox 746 932 888 981; x_wconf 72' lang='lat' dir='ltr'>metabimur</span> <span class='ocrx_word' id='word_1_44' title='bbox 898 930 940 981; x_wconf 78' lang='lat' dir='ltr'>iltis</span> <span class='ocrx_word' id='word_1_45' title='bbox 950 952 960 990; x_wconf 86' lang='grc'>,-</span> 
     </span>
     <span class='ocr_line' id='line_1_9' title="bbox 245 1002 859 1071; baseline 0.005 -21"><span class='ocrx_word' id='word_1_46' title='bbox 245 1012 298 1066; x_wconf 83' lang='lat'>310</span> <span class='ocrx_word' id='word_1_47' title='bbox 344 1002 513 1070; x_wconf 81' lang='lat' dir='ltr'>Ponemusque</span> <span class='ocrx_word' id='word_1_48' title='bbox 529 1005 584 1055; x_wconf 82' lang='lat' dir='ltr'>suos</span> <span class='ocrx_word' id='word_1_49' title='bbox 599 1004 630 1053; x_wconf 84' lang='lat' dir='ltr'>ad</span> <span class='ocrx_word' id='word_1_50' title='bbox 643 1003 701 1054; x_wconf 82' lang='lat' dir='ltr'>stata</span> <span class='ocrx_word' id='word_1_51' title='bbox 715 1003 782 1071; x_wconf 78' lang='lat' dir='ltr'>signa</span> <span class='ocrx_word' id='word_1_52' title='bbox 798 1003 859 1053; x_wconf 83' lang='lat' dir='ltr'>dies.</span> 
     </span>
     <span class='ocr_line' id='line_1_10' title="bbox 306 1076 933 1134; baseline -0.008 -5"><span class='ocrx_word' id='word_1_53' title='bbox 306 1076 422 1129; x_wconf 85' lang='lat' dir='ltr'>ERGO</span> <span class='ocrx_word' id='word_1_54' title='bbox 433 1076 474 1127; x_wconf 90' lang='lat' dir='ltr'>ubi</span> <span class='ocrx_word' id='word_1_55' title='bbox 487 1092 537 1127; x_wconf 88' lang='lat' dir='ltr'>nox</span> <span class='ocrx_word' id='word_1_56' title='bbox 548 1076 626 1126; x_wconf 83' lang='lat' dir='ltr'>aderit</span> <span class='ocrx_word' id='word_1_57' title='bbox 635 1077 745 1127; x_wconf 76' lang='lat' dir='ltr'>venturis</span> <span class='ocrx_word' id='word_1_58' title='bbox 755 1076 827 1125; x_wconf 82' lang='lat' dir='ltr'>tertia</span> <span class='ocrx_word' id='word_1_59' title='bbox 837 1076 933 1134; x_wconf 82' lang='lat' dir='ltr'>Nonis,</span> 
     </span>
     <span class='ocr_line' id='line_1_11' title="bbox 343 1148 876 1217; baseline -0.004 -17"><span class='ocrx_word' id='word_1_60' title='bbox 343 1149 476 1217; x_wconf 81' lang='lat' dir='ltr'>Sparsaque</span> <span class='ocrx_word' id='word_1_61' title='bbox 488 1148 578 1199; x_wconf 84' lang='lat' dir='ltr'>coelesti</span> <span class='ocrx_word' id='word_1_62' title='bbox 587 1165 644 1200; x_wconf 87' lang='lat' dir='ltr'>rore</span> <span class='ocrx_word' id='word_1_63' title='bbox 654 1149 761 1200; x_wconf 81' lang='lat' dir='ltr'>madebit</span> <span class='ocrx_word' id='word_1_64' title='bbox 771 1149 857 1199; x_wconf 80' lang='lat' dir='ltr'>burnus</span> <span class='ocrx_word' id='word_1_65' title='bbox 868 1181 876 1206; x_wconf 89' lang='lat'>,</span> 
     </span>
     <span class='ocr_line' id='line_1_12' title="bbox 307 1219 907 1289; baseline -0.003 -16"><span class='ocrx_word' id='word_1_66' title='bbox 307 1222 434 1289; x_wconf 71' lang='lat' dir='ltr'>Offipedir</span> <span class='ocrx_word' id='word_1_67' title='bbox 445 1222 528 1272; x_wconf 81' lang='lat' dir='ltr'>frustra</span> <span class='ocrx_word' id='word_1_68' title='bbox 539 1234 678 1288; x_wconf 80' lang='lat' dir='ltr'>quaeruntur</span> <span class='ocrx_word' id='word_1_69' title='bbox 689 1220 787 1272; x_wconf 85' lang='lat' dir='ltr'>brachia</span> <span class='ocrx_word' id='word_1_70' title='bbox 798 1219 907 1273; x_wconf 75' lang='lat' dir='ltr'>cancri:</span> 
     </span>
     <span class='ocr_line' id='line_1_13' title="bbox 342 1294 819 1362; baseline 0 -17"><span class='ocrx_word' id='word_1_71' title='bbox 342 1295 453 1360; x_wconf 83' lang='lat' dir='ltr'>Praeceps</span> <span class='ocrx_word' id='word_1_72' title='bbox 465 1294 578 1345; x_wconf 80' lang='lat' dir='ltr'>occiduas</span> <span class='ocrx_word' id='word_1_73' title='bbox 588 1295 631 1343; x_wconf 85' lang='lat' dir='ltr'>ilie</span> <span class='ocrx_word' id='word_1_74' title='bbox 641 1295 728 1345; x_wconf 78' lang='lat' dir='ltr'>subivit</span> <span class='ocrx_word' id='word_1_75' title='bbox 736 1311 819 1362; x_wconf 81' lang='lat' dir='ltr'>aquas.</span> 
     </span>
     <span class='ocr_line' id='line_1_14' title="bbox 245 1364 1012 1434; baseline -0.005 -13"><span class='ocrx_word' id='word_1_76' title='bbox 245 1364 1012 1434; x_wconf 68' lang='lat' dir='ltr'>3r51N81’1TER1NTNonaezmissttutnubibusants</span> 
     </span>
     <span class='ocr_line' id='line_1_15' title="bbox 342 1439 866 1509; baseline 0 -18"><span class='ocrx_word' id='word_1_77' title='bbox 342 1441 414 1509; x_wconf 81' lang='lat' dir='ltr'>Sig&#39;na</span> <span class='ocrx_word' id='word_1_78' title='bbox 428 1441 519 1491; x_wconf 89' lang='lat' dir='ltr'>dabunt</span> <span class='ocrx_word' id='word_1_79' title='bbox 531 1439 640 1500; x_wconf 79' lang='lat' dir='ltr'>imbres,</span> <span class='ocrx_word' id='word_1_80' title='bbox 654 1441 781 1492; x_wconf 81' lang='lat' dir='ltr'>exoriente</span> <span class='ocrx_word' id='word_1_81' title='bbox 791 1441 866 1509; x_wconf 50' lang='lat' dir='ltr'>byrig</span> 
     </span>
     <span class='ocr_line' id='line_1_16' title="bbox 171 1511 1005 1579; baseline -0.004 -14"><span class='ocrx_word' id='word_1_82' title='bbox 171 1516 175 1523; x_wconf 87' lang='lat'>&#39;</span> <span class='ocrx_word' id='word_1_83' title='bbox 306 1513 617 1579; x_wconf 78' lang='lat' dir='ltr'>QUATTUORadde</span> <span class='ocrx_word' id='word_1_84' title='bbox 628 1515 680 1566; x_wconf 83' lang='lat' dir='ltr'>dies</span> <span class='ocrx_word' id='word_1_85' title='bbox 689 1514 765 1565; x_wconf 75' lang='lat' dir='ltr'>dusiis</span> <span class='ocrx_word' id='word_1_86' title='bbox 774 1530 807 1565; x_wconf 83' lang='lat' dir='ltr'>ex</span> <span class='ocrx_word' id='word_1_87' title='bbox 816 1512 901 1565; x_wconf 87' lang='lat' dir='ltr'>ordine</span> <span class='ocrx_word' id='word_1_88' title='bbox 911 1511 986 1564; x_wconf 77' lang='lat' dir='ltr'>Nonis</span> <span class='ocrx_word' id='word_1_89' title='bbox 994 1527 1005 1570; x_wconf 66' lang='grc' dir='ltr'><strong>ι</strong></span> 
     </span>
     <span class='ocr_line' id='line_1_17' title="bbox 215 1586 783 1654; baseline -0.002 -16"><span class='ocrx_word' id='word_1_90' title='bbox 215 1606 220 1614; x_wconf 92' lang='lat'>·</span> <span class='ocrx_word' id='word_1_91' title='bbox 342 1586 417 1638; x_wconf 84' lang='lat' dir='ltr'>Janus</span> <span class='ocrx_word' id='word_1_92' title='bbox 429 1586 534 1654; x_wconf 80' lang='lat' dir='ltr'>Agonali</span> <span class='ocrx_word' id='word_1_93' title='bbox 547 1588 603 1638; x_wconf 88' lang='lat' dir='ltr'>luce</span> <span class='ocrx_word' id='word_1_94' title='bbox 616 1589 717 1652; x_wconf 83' lang='lat' dir='ltr'>piandus</span> <span class='ocrx_word' id='word_1_95' title='bbox 727 1586 783 1638; x_wconf 83' lang='lat' dir='ltr'>erit.</span> 
     </span>
     <span class='ocr_line' id='line_1_18' title="bbox 305 1658 922 1724; baseline -0.003 -13"><span class='ocrx_word' id='word_1_96' title='bbox 305 1658 416 1711; x_wconf 79' lang='lat' dir='ltr'>Nominis</span> <span class='ocrx_word' id='word_1_97' title='bbox 427 1658 474 1708; x_wconf 84' lang='lat' dir='ltr'>eise</span> <span class='ocrx_word' id='word_1_98' title='bbox 489 1670 561 1724; x_wconf 83' lang='lat' dir='ltr'>potes</span> <span class='ocrx_word' id='word_1_99' title='bbox 572 1659 705 1710; x_wconf 68' lang='lat' dir='ltr'>succinitur</span> <span class='ocrx_word' id='word_1_100' title='bbox 718 1660 786 1709; x_wconf 80' lang='lat' dir='ltr'>causa</span> <span class='ocrx_word' id='word_1_101' title='bbox 800 1659 922 1718; x_wconf 78' lang='lat' dir='ltr'>minister,</span> 
     </span>
     <span class='ocr_line' id='line_1_19' title="bbox 244 1730 884 1802; baseline 0.005 -22"><span class='ocrx_word' id='word_1_102' title='bbox 244 1748 297 1802; x_wconf 85' lang='lat'>3²0</span> <span class='ocrx_word' id='word_1_103' title='bbox 344 1731 428 1781; x_wconf 81' lang='lat' dir='ltr'>Hostia</span> <span class='ocrx_word' id='word_1_104' title='bbox 445 1730 591 1789; x_wconf 78' lang='lat' dir='ltr'>Coeiitibus,</span> <span class='ocrx_word' id='word_1_105' title='bbox 609 1747 659 1800; x_wconf 75' lang='lat' dir='ltr'>quo</span> <span class='ocrx_word' id='word_1_106' title='bbox 670 1732 793 1790; x_wconf 85' lang='lat' dir='ltr'>feriente,</span> <span class='ocrx_word' id='word_1_107' title='bbox 810 1734 884 1801; x_wconf 68' lang='lat' dir='ltr'>cadit,</span> 
     </span>
     <span class='ocr_line' id='line_1_20' title="bbox 308 1802 937 1872; baseline 0.003 -18"><span class='ocrx_word' id='word_1_108' title='bbox 308 1805 359 1870; x_wconf 83' lang='lat' dir='ltr'>Qui</span> <span class='ocrx_word' id='word_1_109' title='bbox 374 1803 452 1853; x_wconf 82' lang='lat' dir='ltr'>calido</span> <span class='ocrx_word' id='word_1_110' title='bbox 464 1802 555 1855; x_wconf 61' lang='lat' dir='ltr'>stauos</span> <span class='ocrx_word' id='word_1_111' title='bbox 569 1804 686 1856; x_wconf 74' lang='lat' dir='ltr'>tintturus</span> <span class='ocrx_word' id='word_1_112' title='bbox 700 1806 813 1872; x_wconf 80' lang='lat' dir='ltr'>sanguine</span> <span class='ocrx_word' id='word_1_113' title='bbox 827 1809 937 1865; x_wconf 85' lang='lat' dir='ltr'>cultros,</span> 
     </span>
     <span class='ocr_line' id='line_1_21' title="bbox 344 1874 984 1946; baseline -0.005 -19"><span class='ocrx_word' id='word_1_114' title='bbox 344 1877 464 1943; x_wconf 82' lang='lat' dir='ltr'>Semper,</span> <span class='ocrx_word' id='word_1_115' title='bbox 482 1874 592 1945; x_wconf 79' lang='lat' dir='ltr'>sigone?</span> <span class='ocrx_word' id='word_1_116' title='bbox 608 1893 698 1946; x_wconf 78' lang='lat' dir='ltr'>rogas,</span> <span class='ocrx_word' id='word_1_117' title='bbox 714 1894 760 1929; x_wconf 87' lang='lat' dir='ltr'>nec</span> <span class='ocrx_word' id='word_1_118' title='bbox 777 1880 823 1930; x_wconf 80' lang='lat' dir='ltr'>nisi</span> <span class='ocrx_word' id='word_1_119' title='bbox 835 1879 908 1944; x_wconf 82' lang='lat' dir='ltr'>jussus</span> <span class='ocrx_word' id='word_1_120' title='bbox 924 1878 984 1945; x_wconf 81' lang='lat' dir='ltr'>agis.</span> 
     </span>
     <span class='ocr_line' id='line_1_22' title="bbox 307 1940 1025 2020; baseline -0.001 -20"><span class='ocrx_word' id='word_1_121' title='bbox 307 1949 365 2004; x_wconf 82' lang='lat' dir='ltr'>Pars</span> <span class='ocrx_word' id='word_1_122' title='bbox 373 1982 381 2009; x_wconf 84' lang='lat'>‚</span> <span class='ocrx_word' id='word_1_123' title='bbox 390 1940 446 2015; x_wconf 70' lang='lat' dir='ltr'>ipuia</span> <span class='ocrx_word' id='word_1_124' title='bbox 453 1966 504 1999; x_wconf 92' lang='lat' dir='ltr'>non</span> <span class='ocrx_word' id='word_1_125' title='bbox 511 1950 610 2000; x_wconf 81' lang='lat' dir='ltr'>veniant</span> <span class='ocrx_word' id='word_1_126' title='bbox 618 1952 740 2017; x_wconf 82' lang='lat' dir='ltr'>pecudes,</span> <span class='ocrx_word' id='word_1_127' title='bbox 751 1952 791 2003; x_wconf 84' lang='lat' dir='ltr'>sed</span> <span class='ocrx_word' id='word_1_128' title='bbox 800 1966 918 2020; x_wconf 82' lang='lat' dir='ltr'>agantur,</span> <span class='ocrx_word' id='word_1_129' title='bbox 928 1953 960 2000; x_wconf 87' lang='lat' dir='ltr'>ab</span> <span class='ocrx_word' id='word_1_130' title='bbox 969 1949 1025 2000; x_wconf 73' lang='lat' dir='ltr'>asiu</span> 
     </span>
     <span class='ocr_line' id='line_1_23' title="bbox 319 2023 873 2091; baseline 0.004 -17"><span class='ocrx_word' id='word_1_131' title='bbox 319 2086 321 2091; x_wconf 21' lang='grc' dir='ltr'>ι</span> <span class='ocrx_word' id='word_1_132' title='bbox 343 2023 441 2074; x_wconf 89' lang='lat' dir='ltr'>Nomen</span> <span class='ocrx_word' id='word_1_133' title='bbox 452 2024 589 2091; x_wconf 71' lang='lat' dir='ltr'>Agonalem</span> <span class='ocrx_word' id='word_1_134' title='bbox 604 2025 681 2075; x_wconf 86' lang='lat' dir='ltr'>credit</span> <span class='ocrx_word' id='word_1_135' title='bbox 695 2026 785 2076; x_wconf 84' lang='lat' dir='ltr'>babere</span> <span class='ocrx_word' id='word_1_136' title='bbox 800 2026 873 2076; x_wconf 88' lang='lat' dir='ltr'>diem.</span> 
     </span>
     <span class='ocr_line' id='line_1_24' title="bbox 246 2094 950 2167; baseline 0.001 -21"><span class='ocrx_word' id='word_1_137' title='bbox 246 2113 296 2167; x_wconf 81' lang='lat'>325</span> <span class='ocrx_word' id='word_1_138' title='bbox 310 2094 367 2147; x_wconf 83' lang='lat' dir='ltr'>Pars</span> <span class='ocrx_word' id='word_1_139' title='bbox 382 2108 451 2162; x_wconf 87' lang='lat' dir='ltr'>putat</span> <span class='ocrx_word' id='word_1_140' title='bbox 465 2098 513 2148; x_wconf 89' lang='lat' dir='ltr'>hoc</span> <span class='ocrx_word' id='word_1_141' title='bbox 527 2097 612 2149; x_wconf 79' lang='lat' dir='ltr'>festum</span> <span class='ocrx_word' id='word_1_142' title='bbox 627 2099 709 2164; x_wconf 86' lang='lat' dir='ltr'>priscis</span> <span class='ocrx_word' id='word_1_143' title='bbox 720 2098 822 2165; x_wconf 77' lang='lat' dir='ltr'>Agnalia</span> <span class='ocrx_word' id='word_1_144' title='bbox 839 2098 926 2149; x_wconf 70' lang='lat' dir='ltr'>diuum</span> <span class='ocrx_word' id='word_1_145' title='bbox 938 2114 950 2154; x_wconf 73' lang='lat' dir='ltr'>a</span> 
     </span>
     <span class='ocr_line' id='line_1_25' title="bbox 344 2170 860 2237; baseline -0.006 -17"><span class='ocrx_word' id='word_1_146' title='bbox 344 2170 400 2220; x_wconf 86' lang='lat' dir='ltr'>Una</span> <span class='ocrx_word' id='word_1_147' title='bbox 415 2170 447 2219; x_wconf 81' lang='lat' dir='ltr'>sit</span> <span class='ocrx_word' id='word_1_148' title='bbox 459 2183 486 2219; x_wconf 87' lang='lat' dir='ltr'>ut</span> <span class='ocrx_word' id='word_1_149' title='bbox 496 2170 598 2237; x_wconf 86' lang='lat' dir='ltr'>proprio</span> <span class='ocrx_word' id='word_1_150' title='bbox 613 2171 683 2219; x_wconf 79' lang='lat' dir='ltr'>litera</span> <span class='ocrx_word' id='word_1_151' title='bbox 698 2171 778 2219; x_wconf 85' lang='lat' dir='ltr'>demta</span> <span class='ocrx_word' id='word_1_152' title='bbox 792 2172 860 2219; x_wconf 85' lang='lat' dir='ltr'>loeo.</span> 
     </span>
     <span class='ocr_line' id='line_1_26' title="bbox 307 2240 968 2308; baseline -0.009 -14"><span class='ocrx_word' id='word_1_153' title='bbox 307 2242 348 2294; x_wconf 79' lang='lat' dir='ltr'>An</span> <span class='ocrx_word' id='word_1_154' title='bbox 359 2275 367 2300; x_wconf 89' lang='lat'>,</span> <span class='ocrx_word' id='word_1_155' title='bbox 387 2241 441 2308; x_wconf 88' lang='lat' dir='ltr'>quia</span> <span class='ocrx_word' id='word_1_156' title='bbox 451 2241 565 2308; x_wconf 83' lang='lat' dir='ltr'>praevisos</span> <span class='ocrx_word' id='word_1_157' title='bbox 575 2242 602 2290; x_wconf 92' lang='lat' dir='ltr'>in</span> <span class='ocrx_word' id='word_1_158' title='bbox 615 2258 675 2307; x_wconf 85' lang='lat' dir='ltr'>aqua</span> <span class='ocrx_word' id='word_1_159' title='bbox 685 2241 755 2289; x_wconf 88' lang='lat' dir='ltr'>timet</span> <span class='ocrx_word' id='word_1_160' title='bbox 764 2240 840 2289; x_wconf 77' lang='lat' dir='ltr'>hostia</span> <span class='ocrx_word' id='word_1_161' title='bbox 851 2240 946 2290; x_wconf 85' lang='lat' dir='ltr'>cultros</span> <span class='ocrx_word' id='word_1_162' title='bbox 957 2269 968 2299; x_wconf 79' lang='lat'>‚</span> 
     </span>
     <span class='ocr_line' id='line_1_27' title="bbox 344 2312 816 2380; baseline -0.004 -16"><span class='ocrx_word' id='word_1_163' title='bbox 344 2314 366 2364; x_wconf 84' lang='grc' dir='ltr'>Α</span> <span class='ocrx_word' id='word_1_164' title='bbox 377 2315 473 2380; x_wconf 85' lang='lat' dir='ltr'>pecoris</span> <span class='ocrx_word' id='word_1_165' title='bbox 483 2318 525 2365; x_wconf 87' lang='lat' dir='ltr'>lux</span> <span class='ocrx_word' id='word_1_166' title='bbox 536 2314 569 2365; x_wconf 82' lang='lat' dir='ltr'>est</span> <span class='ocrx_word' id='word_1_167' title='bbox 580 2313 620 2365; x_wconf 80' lang='lat' dir='ltr'>isia</span> <span class='ocrx_word' id='word_1_168' title='bbox 631 2326 715 2365; x_wconf 85' lang='lat' dir='ltr'>notata</span> <span class='ocrx_word' id='word_1_169' title='bbox 724 2312 816 2363; x_wconf 81' lang='lat' dir='ltr'>metu?</span> 
     </span>
     <span class='ocr_line' id='line_1_28' title="bbox 306 2386 853 2451; baseline -0.009 -11"><span class='ocrx_word' id='word_1_170' title='bbox 306 2386 364 2440; x_wconf 81' lang='lat' dir='ltr'>Pars</span> <span class='ocrx_word' id='word_1_171' title='bbox 378 2389 467 2447; x_wconf 78' lang='lat' dir='ltr'>etiam,</span> <span class='ocrx_word' id='word_1_172' title='bbox 484 2386 537 2437; x_wconf 86' lang='lat' dir='ltr'>fieri</span> <span class='ocrx_word' id='word_1_173' title='bbox 552 2387 626 2438; x_wconf 78' lang='lat' dir='ltr'>solitis</span> <span class='ocrx_word' id='word_1_174' title='bbox 642 2399 715 2438; x_wconf 72' lang='lat' dir='ltr'>aetate</span> <span class='ocrx_word' id='word_1_175' title='bbox 729 2386 853 2451; x_wconf 84' lang='lat' dir='ltr'>priorum,</span> 
     </span>
     <span class='ocr_line' id='line_1_29' title="bbox 245 2456 844 2532; baseline -0.005 -21"><span class='ocrx_word' id='word_1_176' title='bbox 245 2476 298 2532; x_wconf 79' lang='lat'>330</span> <span class='ocrx_word' id='word_1_177' title='bbox 345 2461 449 2511; x_wconf 83' lang='lat' dir='ltr'>Nomina</span> <span class='ocrx_word' id='word_1_178' title='bbox 464 2460 494 2509; x_wconf 90' lang='lat' dir='ltr'>de</span> <span class='ocrx_word' id='word_1_179' title='bbox 508 2458 570 2509; x_wconf 84' lang='lat' dir='ltr'>ludis</span> <span class='ocrx_word' id='word_1_180' title='bbox 587 2456 663 2525; x_wconf 81' lang='lat' dir='ltr'>Graja</span> <span class='ocrx_word' id='word_1_181' title='bbox 676 2458 754 2508; x_wconf 79' lang='lat' dir='ltr'>tulisse</span> <span class='ocrx_word' id='word_1_182' title='bbox 769 2458 844 2509; x_wconf 85' lang='lat' dir='ltr'>diem.</span> 
     </span>
     <span class='ocr_line' id='line_1_30' title="bbox 307 2529 881 2599; baseline -0.009 -13"><span class='ocrx_word' id='word_1_183' title='bbox 307 2534 339 2586; x_wconf 86' lang='lat' dir='ltr'>Et</span> <span class='ocrx_word' id='word_1_184' title='bbox 351 2549 427 2599; x_wconf 83' lang='lat' dir='ltr'>pecus</span> <span class='ocrx_word' id='word_1_185' title='bbox 442 2531 559 2597; x_wconf 70' lang='lat' dir='ltr'>antiquus</span> <span class='ocrx_word' id='word_1_186' title='bbox 568 2531 664 2583; x_wconf 88' lang='lat' dir='ltr'>dicebat</span> <span class='ocrx_word' id='word_1_187' title='bbox 674 2529 770 2598; x_wconf 75' lang='lat' dir='ltr'>Agonia</span> <span class='ocrx_word' id='word_1_188' title='bbox 783 2530 881 2589; x_wconf 82' lang='lat' dir='ltr'>sermo;</span> 
     </span>
     <span class='ocr_line' id='line_1_31' title="bbox 341 2603 871 2672; baseline -0.008 -13"><span class='ocrx_word' id='word_1_189' title='bbox 341 2606 457 2672; x_wconf 76' lang='lat' dir='ltr'>Veroque</span> <span class='ocrx_word' id='word_1_190' title='bbox 472 2604 564 2671; x_wconf 86' lang='lat' dir='ltr'>judicio</span> <span class='ocrx_word' id='word_1_191' title='bbox 578 2603 613 2655; x_wconf 75' lang='lat' dir='ltr'>esi</span> <span class='ocrx_word' id='word_1_192' title='bbox 626 2605 707 2655; x_wconf 85' lang='lat' dir='ltr'>ultima</span> <span class='ocrx_word' id='word_1_193' title='bbox 722 2604 790 2653; x_wconf 84' lang='lat' dir='ltr'>causa</span> <span class='ocrx_word' id='word_1_194' title='bbox 804 2619 871 2655; x_wconf 81' lang='lat' dir='ltr'>meo.</span> 
     </span>
     <span class='ocr_line' id='line_1_32' title="bbox 306 2674 1015 2745; baseline -0.003 -15"><span class='ocrx_word' id='word_1_195' title='bbox 306 2678 430 2745; x_wconf 62' lang='lat' dir='ltr'>thueea</span> <span class='ocrx_word' id='word_1_196' title='bbox 441 2694 505 2727; x_wconf 81' lang='lat' dir='ltr'>nune</span> <span class='ocrx_word' id='word_1_197' title='bbox 515 2690 582 2728; x_wconf 81' lang='lat' dir='ltr'>certa</span> <span class='ocrx_word' id='word_1_198' title='bbox 592 2675 627 2727; x_wconf 76' lang='lat' dir='ltr'>est</span> <span class='ocrx_word' id='word_1_199' title='bbox 638 2695 647 2736; x_wconf 83' lang='lat'>·,</span> <span class='ocrx_word' id='word_1_200' title='bbox 663 2677 698 2726; x_wconf 87' lang='lat' dir='ltr'>ita</span> <span class='ocrx_word' id='word_1_201' title='bbox 709 2676 763 2725; x_wconf 83' lang='lat' dir='ltr'>Rex</span> <span class='ocrx_word' id='word_1_202' title='bbox 772 2678 870 2743; x_wconf 82' lang='lat' dir='ltr'>placate</span> <span class='ocrx_word' id='word_1_203' title='bbox 878 2674 1015 2728; x_wconf 79' lang='lat' dir='ltr'>sacrorum</span> 
     </span>
     <span class='ocr_line' id='line_1_33' title="bbox 237 2746 858 2817; baseline 0.003 -17"><span class='ocrx_word' id='word_1_204' title='bbox 237 2780 242 2793; x_wconf 87' lang='lat'><strong>·</strong></span> <span class='ocrx_word' id='word_1_205' title='bbox 308 2746 329 2787; x_wconf 73' lang='lat'><em>⁰</em></span> <span class='ocrx_word' id='word_1_206' title='bbox 343 2749 448 2801; x_wconf 87' lang='lat' dir='ltr'>Numina</span> <span class='ocrx_word' id='word_1_207' title='bbox 460 2750 575 2817; x_wconf 70' lang='lat' dir='ltr'>lanigerae</span> <span class='ocrx_word' id='word_1_208' title='bbox 588 2747 693 2817; x_wconf 79' lang='lat' dir='ltr'>conjuge</span> <span class='ocrx_word' id='word_1_209' title='bbox 708 2750 781 2800; x_wconf 88' lang='lat' dir='ltr'>debet</span> <span class='ocrx_word' id='word_1_210' title='bbox 795 2752 858 2802; x_wconf 64' lang='lat' dir='ltr'>ovio.</span> 
     </span>
     <span class='ocr_line' id='line_1_34' title="bbox 246 2821 968 2895; baseline 0.006 -23"><span class='ocrx_word' id='word_1_211' title='bbox 246 2838 278 2895; x_wconf 77' lang='lat'>33</span> <span class='ocrx_word' id='word_1_212' title='bbox 285 2840 297 2891; x_wconf 88' lang='lat'><em>5</em></span> <span class='ocrx_word' id='word_1_213' title='bbox 310 2824 428 2880; x_wconf 67' lang='lat' dir='ltr'>vistim,</span> <span class='ocrx_word' id='word_1_214' title='bbox 449 2838 502 2890; x_wconf 81' lang='lat' dir='ltr'>quae</span> <span class='ocrx_word' id='word_1_215' title='bbox 514 2821 601 2872; x_wconf 69' lang='lat' dir='ltr'>dextri</span> <span class='ocrx_word' id='word_1_216' title='bbox 609 2822 699 2872; x_wconf 79' lang='lat' dir='ltr'>cecidit</span> <span class='ocrx_word' id='word_1_217' title='bbox 707 2822 823 2883; x_wconf 80' lang='lat' dir='ltr'>visirice,</span> <span class='ocrx_word' id='word_1_218' title='bbox 838 2836 968 2877; x_wconf 80' lang='lat' dir='ltr'>vocatur:</span> 
     </span>
     <span class='ocr_line' id='line_1_35' title="bbox 341 2894 861 2951; baseline 0.012 -6"><span class='ocrx_word' id='word_1_219' title='bbox 341 2895 455 2946; x_wconf 84' lang='lat' dir='ltr'>Hostibus</span> <span class='ocrx_word' id='word_1_220' title='bbox 470 2912 484 2944; x_wconf 86' lang='lat' dir='ltr'>a</span> <span class='ocrx_word' id='word_1_221' title='bbox 499 2895 572 2945; x_wconf 82' lang='lat' dir='ltr'>motis</span> <span class='ocrx_word' id='word_1_222' title='bbox 587 2894 662 2945; x_wconf 78' lang='lat' dir='ltr'>hostia</span> <span class='ocrx_word' id='word_1_223' title='bbox 676 2911 765 2945; x_wconf 87' lang='lat' dir='ltr'>nomen</span> <span class='ocrx_word' id='word_1_224' title='bbox 778 2897 861 2951; x_wconf 85' lang='lat' dir='ltr'>habet.</span> 
     </span>
     <span class='ocr_line' id='line_1_36' title="bbox 304 2966 945 3033; baseline 0.006 -14"><span class='ocrx_word' id='word_1_225' title='bbox 304 2970 392 3028; x_wconf 80' lang='lat' dir='ltr'>Ante,</span> <span class='ocrx_word' id='word_1_226' title='bbox 409 2967 481 3019; x_wconf 79' lang='lat' dir='ltr'>Deos</span> <span class='ocrx_word' id='word_1_227' title='bbox 494 2966 586 3017; x_wconf 86' lang='lat' dir='ltr'>homini</span> <span class='ocrx_word' id='word_1_228' title='bbox 600 2967 667 3033; x_wconf 85' lang='lat' dir='ltr'>quod</span> <span class='ocrx_word' id='word_1_229' title='bbox 678 2969 807 3021; x_wconf 84' lang='lat' dir='ltr'>conciliare</span> <span class='ocrx_word' id='word_1_230' title='bbox 822 2975 945 3031; x_wconf 77' lang='lat' dir='ltr'>valeret,</span> 
     </span>
    </p>
   </div>
   <div class='ocr_carea' id='block_1_3' title="bbox 342 3040 817 3109">
    <p class='ocr_par' dir='ltr' id='par_1_3' title="bbox 342 3040 817 3109">
     <span class='ocr_line' id='line_1_37' title="bbox 342 3040 817 3109; baseline 0.011 -14"><span class='ocrx_word' id='word_1_231' title='bbox 342 3042 387 3095; x_wconf 72' lang='lat' dir='ltr'>Par</span> <span class='ocrx_word' id='word_1_232' title='bbox 399 3053 470 3102; x_wconf 81' lang='lat' dir='ltr'>erat.</span> <span class='ocrx_word' id='word_1_233' title='bbox 485 3040 577 3109; x_wconf 82' lang='lat' dir='ltr'>&amp;puri</span> <span class='ocrx_word' id='word_1_234' title='bbox 587 3041 669 3095; x_wconf 82' lang='lat' dir='ltr'>lucida</span> <span class='ocrx_word' id='word_1_235' title='bbox 679 3042 741 3097; x_wconf 79' lang='lat' dir='ltr'>miae</span> <span class='ocrx_word' id='word_1_236' title='bbox 754 3044 817 3101; x_wconf 71' lang='lat' dir='ltr'>selis.</span> 
     </span>
    </p>
   </div>
   <div class='ocr_carea' id='block_1_4' title="bbox 901 3120 1043 3173">
    <p class='ocr_par' dir='ltr' id='par_1_4' title="bbox 901 3120 1043 3173">
     <span class='ocr_line' id='line_1_38' title="bbox 901 3120 1043 3173; baseline -0.042 0"><span class='ocrx_word' id='word_1_237' title='bbox 901 3120 1043 3173; x_wconf 77' lang='lat' dir='ltr'>Nondum</span> 
     </span>
    </p>
   </div>
   <div class='ocr_carea' id='block_1_5' title="bbox 0 0 1199 3942">
    <p class='ocr_par' dir='ltr' id='par_1_5' title="bbox 0 0 1199 3942">
     <span class='ocr_line' id='line_1_39' title="bbox 0 0 1199 3942; baseline 0 0"><span class='ocrx_word' id='word_1_238' title='bbox 0 0 1199 3942; x_wconf 95' lang='lat' dir='ltr'> </span> 
     </span>
    </p>
   </div>
  </div>
 </body>
</html>
