2367 3942
231 401 376 470 Ειιιι.
401 417 462 469 ax
488 401 634 467 Pom
664 399 704 467 L.
729 400 797 472 III.
826 418 903 498 323

182 518 242 570 Pars
260 519 314 570 edis
328 518 400 585 pauci
417 520 519 585 potior,
537 520 578 587 qui
595 520 667 573 rebus
681 520 706 570 in
722 520 791 572 ardis
910 538 947 588 25

222 592 298 643 Ferre
314 592 371 642 mihi
387 594 477 643 nullam
494 604 566 659 turpe
579 594 678 659 putastis
694 609 775 659 opem.

186 664 283 715 Tunc'
276 666 350 733 igitur
366 667 445 716 meriti
461 667 581 717 morietur
597 667 675 734 gratia
691 668 782 727 vestri,

225 736 327 787 cum
304 740 385 799 cinis,
403 740 510 789 absumto
529 756 654 805 corpore,
672 740 747 791 fadus
764 758 819 793 ero.

186 812 285 871 fallar,
303 802 330 863 dt
346 814 387 862 illa
401 830 460 887 meae
477 813 598 879 superabit
613 826 723 879 tempora
737 814 818 867 vitaer

224 885 250 935 si
267 896 378 936 tamena
394 882 495 937 memori
511 886 651 953 posteritate
667 889 744 956 legar.
910 902 945 955 30
978 880 985 892 '

185 956 301 1025 Corpora
316 958 437 1011 debentur
453 960 538 1010 maestis
554 960 682 1029 exsanguia
699 961 794 1013 bustisr

98 1076 104 1089 ‚
223 1030 348 1099 Effugiunr
364 1033 462 1084 strudos
478 1050 568 1084 nomen
584 1034 713 1100 honorque
732 1051 816 1103 rogos

185 1102 290 1156 Occidit
308 1104 333 1155 δι
349 1106 480 1166 Theseus,
498 1107 524 1159 δι
540 1106 581 1194 qui
598 1108 723 1158 comitavit
739 1108 864 1159 Oresten·

224 1178 274 1228 Sed
290 1181 407 1230 tamenin
423 1140 506 1231 laudes
523 1182 583 1229 vivit
600 1194 703 1247 uterque
719 1181 782 1233 suat.

183 1250 242 1303 Vos
258 1252 328 1302 etiam
344 1254 390 1303 feri
404 1254 536 1303 laudabunt
552 1254 614 1319 saepe
629 1266 752 1324 nepotes,
910 1270 942 1322 35

223 1324 344 1393 Claraque
360 1328 408 1377 erit
420 1326 512 1392 scriptis
529 1326 607 1395 gloria
621 1327 698 1377 vestra
715 1327 786 1377 meis.

185 1396 235 1447 Hic
247 1415 343 1465 quoque
354 1400 504 1449 Sauromatae
515 1398 563 1464 jam
573 1416 619 1449 vos
630 1416 722 1451 novere
734 1433 742 1459 ,
762 1401 884 1467 Getaeque
899 1418 909 1451 ι

223 1470 255 1519 Ει
271 1473 333 1523 tales
348 1473 441 1523 animos
459 1474 558 1522 barbara
572 1474 644 1521 turba
659 1475 756 1539 probat.

184 1542 297 1610 Ctimque
315 1562 362 1612 ego
379 1546 409 1595 de
425 1544 502 1595 vestra
518 1562 597 1611 nuper
609 1546 731 1611 probitate
747 1546 888 1605 referrem,

222 1618 286 1667 Nam
303 1618 375 1670 didici
392 1618 482 1670 Getice
496 1618 676 1685 Sarmaticeque
689 1620 781 1686 ‘loqui3
909 1636 947 1683 qo

184 1690 261 1741 Forte
278 1690 353 1741 senex
368 1692 484 1757 quidam,
502 1704 568 1742 coetu
584 1689 638 1741 edm
655 1692 727 1742 staret
741 1693 766 1741 in
783 1694 850 1752 illo,

222 1764 339 1825 Reddidit
355 1764 386 1814 ad
402 1764 494 1817 nostros
511 1766 568 1815 talia
584 1768 659 1816 verha
675 1766 757 1817 sonos.

185 1836 209 1885 N
212 1852 240 1887 os
251 1854 348 1905 quoque
359 1838 469 1889 amicitiae
481 1856 571 1889 nomen
580 1840 645 1891 bene
656 1841 784 1898 novimus,
799 1840 907 1907 hospes,

226 1910 297 1975 Quos
311 1914 397 1978 procul
415 1930 429 1961 a
447 1914 516 1965 vobis
533 1912 633 1979 frigidus
650 1912 710 1963 ister
723 1915 807 1963 habet.

184 1984 224 2033 Est
241 1984 310 2034 locus
326 1986 349 2034 in
365 1985 485 2051 Scythia,
503 1984 600 2033 Tauros
615 1986 698 2034 dixere
714 1986 827 2049 priores,
907 2000 942 2049 45

223 2055 274 2121 Qui
293 2056 383 2109 Getici
398 2056 472 2125 longe
486 2072 536 2105 non
551 2053 585 2105 ιιι
601 2056 669 2120 distat
686 2056 770 2107 humo.

183 2129 238 2179 Hac
258 2146 308 2197 ego
321 2130 370 2179 sum
384 2130 470 2189 terri,
489 2130 571 2195 patriae
588 2146 637 2179 nee
652 2130 774 2196 poenitet,
793 2143 880 2182 ortus:

223 2202 368 2253 Consorrem
384 2201 469 2253 Phoebi
486 2219 546 2271 gens
563 2204 623 2254 colit
641 2202 682 2253 illa
699 2204 789 2253 Deam.

183 2276 288 2341 Templa
306 2287 405 2325 manent
422 2276 512 2336 hodie,
528 2276 619 2327 vahis‘
612 2276 694 2326 innixa
709 2276 852 2329 columnis:

221 2348 317 2415 Perque
336 2349 536 2416 quaterdenos
529 2362 578 2400 rtur
592 2350 673 2400 inilia
690 2350 788 2417 gradus.
909 2366 946 2415 50

185 2424 256 2473 Fama
272 2422 369 2482 refert,
388 2422 474 2472 illic
455 2440 563 2490 signum
565 2423 663 2473 coeleste
679 2422 769 2476 fuiffe.
841 2462 845 2469 .

223 2479 859 2563 QmeQOmM.

185 2566 303 2634 Araque,
322 2587 375 2637 quae
390 2569 470 2619 iuerat
484 2568 569 2619 ιιιιιιιιι
586 2569 687 2619 candida
702 2570 771 2629 saxi,

224 2641 335 2693 Decolor
351 2642 426 2693 affuso
441 2642 515 2692 tinfta
532 2658 620 2693 cruore
635 2644 722 2694 rubet:

186 2714 286 2767 Femina
300 2716 364 2766 sacra
379 2717 456 2775 facit,
474 2716 544 2766 taedae
560 2733 612 2766 non
623 2728 681 2766 nota
696 2715 793 2785 jugali,
910 2729 942 2779 ς)

226 2787 290 2855 Quae
303 2788 397 2857 superat
413 2790 539 2860 Scythicas
555 2791 681 2841 nobilitate
697 2807 783 2841 nurus
833 2816 837 2820 -

187 2859 295 2913 sacrifict
311 2878 398 2949 genus·
403 2862 456 2923 est,
474 2864 508 2915 sic
523 2862 645 2915 instituere
661 2864 778 2930 priores,

224 2933 362 2985 Aduena
339 2937 447 3005 virgineo
462 2938 536 2989 caesus
549 2950 577 2987 ut
589 2937 646 2987 ense
659 2937 740 2985 cadat.

188 3006 273 3075 Regna
288 3008 371 3059 Thoas
387 3010 489 3070 habuit,
504 3010 623 3062 Meotide
641 3009 743 3060 clarus'
735 3025 760 3059 ιιι
776 3024 838 3059 ora:
923 3024 926 3027 ’

225 3082 280 3134 Ner
296 3082 341 3135 suit
358 3083 459 3137 Euxinis
474 3085 557 3137 notior
573 3086 636 3136 alter
650 3084 729 3152 aquis.
792 3100 856 3207 0·.
910 3078 946 3133 do

817 3170 861 3221 ,q
