2367 3942
228 414 369 485 Emr.
394 429 453 482 ax
478 416 618 483 Pouro
643 411 683 479 L.
708 414 777 483 IV.
807 416 882 508 369

91 532 95 541 ‘
174 529 236 581 Cum
247 532 327 587 Varus
342 532 517 597 Gracchusque
528 532 673 584 darentfera
685 532 744 582 diua
754 535 850 604 tyranni
860 550 871 593 3

210 605 352 656 Callimachi
368 604 484 655 Proculus
499 607 571 655 molle
586 618 683 656 teneret
698 607 765 655 iter:

174 675 275 745 Tityrus
292 680 400 744 antiquas
419 678 444 728 dt
460 690 512 728 erat
528 679 567 744 qui
585 679 696 743 pasceret
709 680 816 738 herbas,

210 750 324 817 Aptaque
338 751 437 800 venanti
450 750 549 802 Gratius
565 768 630 800 arma
647 753 725 803 daret.

174 820 266 872 Naidas
282 839 296 871 a
313 823 404 891 Satyris
420 837 519 874 caneret
533 825 656 874 Fontanus
672 834 781 883 amatas,
886 836 924 889 35

212 894 346 945 Clauderet
359 897 486 962 imparibus
502 898 576 947 verba
591 896 692 963 Capella
706 899 793 947 modis.
885 957 888 964 Δ

173 965 286 1035 Cumque
305 970 387 1019 forent
401 970 457 1027 alii,
473 986 574 1035 quorum
590 969 647 1020 mihi
662 970 746 1019 cundia
760 970 853 1020 referte

212 1041 315 1091 Nomina
331 1044 403 1109 longa
418 1060 485 1093 mora
499 1042 551 1102 est,
569 1044 672 1094 carmina
688 1034 773 1111 vulgus'
790 1044 882 1100 habet3

174 1111 257 1163 Effent
274 1114 300 1164 δι
315 1113 433 1180 juvenes,
448 1132 567 1181 quorum,
585 1117 652 1183 quod
665 1116 756 1166 inedita
770 1133 827 1166 cura
842 1117 893 1174 ell,

212 1188 418 1252 Appellandorum
432 1190 466 1237 nil
480 1188 537 1238 mihi
552 1187 612 1253 juris
625 1188 708 1239 adest:
890 1203 926 1249 40

92 1294 96 1302 .
174 1257 215 1308 Te
233 1271 314 1309 tamen
331 1261 357 1309 in
371 1262 441 1311 turba
458 1276 512 1310 non·
524 1262 617 1319 ausim,
641 1260 735 1319 Cotta,
752 1261 844 1320 silere3

212 1330 331 1382 Pi'e'ridurn
346 1335 447 1391 lumen,
466 1333 648 1399 praesidiumque
661 1333 719 1382 lori.

91 1402 92 1405 ’
173 1403 304 1456 Maternus
321 1404 407 1455 Cottas
424 1406 483 1463 cul,
499 1404 667 1471 Melsallasque
681 1420 815 1471 paternos,

213 1476 320 1527 Maxima
336 1477 448 1528 nobilitat
465 1478 608 1544 ingeminata
625 1478 701 1527 dedit.

176 1550 269 1599 Dicere
284 1551 306 1600 si
321 1550 357 1600 fas
374 1550 425 1609 est,
444 1551 510 1600 claro
524 1566 577 1600 mea
592 1550 690 1599 nornine
704 1549 797 1609 Musa,·
891 1566 925 1613 45
995 1558 998 1562 ’
1090 1547 1095 1618 'j

211 1622 295 1686 Atque
312 1622 374 1671 inter
389 1634 489 1681 tantos,
508 1639 562 1688 quae
577 1623 719 1689 legeretur,
739 1635 801 1674 crat.

174 1694 244 1761 Ergo
258 1694 390 1743 submotum
404 1696 479 1760 patriai
491 1694 664 1760 proscindere,
683 1696 776 1754 Livor,

214 1765 329 1823 Desine3
346 1784 394 1817 neu
409 1768 503 1819 cineres
514 1768 602 1837 ‘sparge
614 1801 622 1827 ,
639 1782 757 1828 cruente,
773 1784 852 1819 meos.

177 1838 268 1893 Omnia
284 1840 428 1905 perdidimus
441 1856 449 1892 t
462 1841 628 1891 tantummodo
643 1843 693 1893 vira
708 1842 790 1893 relicta
806 1843 860 1902 est,

215 1911 324 1963 Praebeat
341 1925 368 1964 ut
384 1914 475 1964 sensum
491 1914 662 1981 materiamque
677 1917 755 1967 malis.
895 1931 929 1979 50

178 1985 246 2051 Quid
258 1984 326 2051 juvat
340 1986 466 2036 exstinctos
481 1986 570 2036 lentum
585 1986 720 2036 demittere
729 1989 755 2036 in
768 1986 857 2037 artus?

215 2060 274 2110 Non
288 2059 362 2109 habet
377 2059 402 2107 in
418 2059 489 2111 nubis
501 2058 550 2124 jam
566 2074 631 2109 nova
645 2061 715 2127 plaga
731 2061 821 2111 locum.

211 2242 529 2298 EPISTOLARUM
545 2240 768 2297 EXPONTO
786 2241 917 2296 FINIS.
