2367 3942
301 434 349 527 78
399 436 439 504 P.
467 410 658 504 orinal
683 434 913 508 Nasonis

300 555 393 623 Figitur
405 555 435 604 ed
449 554 556 605 Laurens
570 554 665 623 ingenti
680 554 776 605 &mine
791 553 848 605 litus

238 627 290 678 600
337 626 424 694 Puppis
437 645 446 688 ς
464 628 508 689 dt,
524 629 643 699 experiris
658 629 768 679 omnibus
778 660 786 685 .
795 627 882 681 nausia
895 630 965 697 perit.

297 700 350 753 Jam
365 702 417 767 pius
430 700 521 753 AEneas
536 718 614 771 regno
630 702 733 769 natique
749 700 828 751 Latini

334 774 425 825 Aurius
441 789 514 835 eret,
531 778 637 842 populos
650 775 823 841 miscueratque
840 775 912 830 duos.

297 848 381 899 Litore
397 850 491 909 dotali,
511 849 563 900 solo
578 849 707 899 comitatus
722 848 835 912 Achate,

333 922 460 973 Secrerum
475 923 540 973 nudo
557 924 614 973 dum
627 923 690 989 pede
706 922 782 987 carpit
796 922 844 973 iter
852 938 862 982 5

235 993 285 1055 605
300 994 392 1060 Aspicit
408 1008 549 1055 errantem,
568 1014 615 1047 nec
629 994 730 1045 credere
746 994 844 1045 sustinet
860 996 953 1049 Annam

334 1067 386 1121 Esse
399 1069 476 1136 equid
491 1071 516 1119 in
530 1070 615 1121 Latios
631 1071 673 1119 illa
686 1069 783 1119 veniret
796 1068 892 1136 agros?

295 1141 363 1191 Dum
379 1142 460 1193 secum
473 1141 564 1195 AEneas
577 1157 585 1193 t
598 1143 669 1194 Anna
685 1140 738 1201 est,
755 1143 877 1193 exclamat
890 1142 1001 1197 Achates

331 1214 370 1265 Ad
387 1232 475 1267 nomen
492 1217 572 1268 vultus
591 1215 680 1267 sullulir
696 1216 736 1265 illa
751 1216 816 1267 suos.

296 1285 354 1349 Qud
369 1289 445 1357 fugiat
458 1286 468 1339 l
486 1290 543 1355 quid
556 1287 632 1358 agat?
650 1305 712 1357 quot
722 1300 794 1339 terrae
804 1301 896 1356 quaerat
906 1289 1002 1343 hiatus?

232 1358 285 1408 610
334 1361 399 1411 Ante
414 1364 499 1413 oculos
516 1362 607 1413 misere
621 1362 672 1413 sata
688 1362 777 1414 sororis
793 1376 872 1415 erant.

294 1433 376 1484 Sensit
388 1469 396 1493 ,
416 1435 443 1485 dt
456 1436 587 1503 alloquitur
599 1436 719 1503 trepidam
731 1435 881 1503 Cythereius
894 1436 986 1498 lreros;

330 1507 386 1559 Flet
401 1521 483 1561 tamen
498 1510 624 1562 admonitu
638 1510 742 1569 mortis,
760 1508 850 1565 Elissa,
867 1523 928 1559 tuae.

294 1579 364 1631 Anna
375 1615 383 1641 ,
395 1599 439 1648 per
449 1582 511 1634 hanc
520 1583 576 1649 juro
586 1618 596 1643 ‚
609 1602 679 1651 quam
689 1583 810 1650 quondam
820 1582 903 1634 audire
913 1578 1004 1635 solebas

329 1653 455 1705 Tellurem
471 1656 523 1705 fato
539 1657 700 1721 prosperiore.
709 1657 779 1713 dari,

231 1726 280 1788 615
295 1724 390 1794 Perque
405 1728 475 1777 Deos
491 1729 612 1784 comites.
627 1728 672 1778 hac
688 1745 765 1794 nuper
780 1728 836 1779 sede
851 1730 947 1783 locatos‘
958 1762 983 1791 2.
1081 1748 1083 1759 '

329 1800 400 1864 Saepe
415 1816 480 1850 meas
496 1800 551 1851 illos
568 1800 812 1866 increpuissemoras.

292 1872 346 1921 Nec
363 1872 431 1921 timui
449 1873 480 1923 de
495 1885 573 1923 morte
589 1885 671 1923 tamen
682 1889 690 1924 t
702 1886 780 1924 metus
794 1872 872 1926 abluit
888 1874 941 1927 iste.

331 1944 379 1995 Hei
395 1946 453 1995 mihi
467 1945 473 1995 l
488 1946 598 1999 credibili
616 1946 703 1997 sortior
718 1948 759 1997 illa
776 1947 831 1997 luit.
929 1952 937 1959 '

291 2019 331 2067 Ne
345 2019 430 2071 refer:
442 2019 523 2087 aspexi
537 2038 587 2073 non
599 2019 643 2071 illo
656 2021 756 2088 pellere
771 2022 842 2090 digna

230 2090 293 2141 620.
329 2092 457 2153 Vulnera,
473 2095 603 2149 Tartareas
618 2094 688 2146 ausus
704 2095 769 2146 adire
784 2096 887 2147 domos.-

293 2164 326 2216 At
342 2170 386 2226 t'u,
404 2167 445 2217 seu
459 2169 521 2219 ratio
535 2180 561 2219 te
574 2166 659 2217 noslris
674 2169 765 2232 ep'pulit
780 2169 849 2225 oris,

330 2238 385 2288 Sive
402 2238 490 2298 Deus,
512 2241 579 2307 regni
595 2239 722 2289 commoda
739 2256 811 2303 carpe
826 2238 883 2287 mei.

293 2311 372 2363 Multa
386 2312 430 2363 ribi
440 2328 579 2371 'memores,
596 2312 630 2363 nil
644 2328 695 2362 non
710 2312 824 2361 debemus
840 2307 914 2359 Elissae
927 2330 939 2369 5

329 2386 435 2436 Nomine
452 2398 518 2454 grata
531 2398 597 2443 tuo,
613 2398 679 2452 grata
693 2384 799 2441 sororis,
818 2382 874 2432 eris.

231 2457 279 2519 625
294 2457 363 2507 Talia
379 2459 488 2515 dicenti,
505 2473 585 2524 neque
601 2457 665 2507 enim
679 2457 731 2522 spes
746 2458 822 2506 altera
838 2452 930 2515 restat,

330 2531 441 2581 Credidit
450 2547 460 2590 ς
476 2545 572 2581 errores
589 2530 746 2596 exposuitque
763 2529 828 2579 suos.

292 2603 375 2669 thue
392 2604 488 2653 domum
502 2603 620 2661 intravit,
637 2601 727 2671 Tyrios
741 2601 824 2651 induta
838 2612 960 2667 paratus,

329 2676 416 2741 Incipit
428 2673 537 2733 AEneas,
555 2675 566 2741 <
582 2690 664 2727 cetera
678 2677 748 2727 turba
763 2675 828 2725 silet.
843 2675 855 2742 )

292 2748 361 2798 Hanc
373 2749 415 2799 ribi
428 2766 471 2799 cur
481 2750 572 2801 tradam
585 2783 593 2809 ,
609 2750 648 2815 pia
659 2748 746 2807 causa,
762 2748 862 2799 Lavinia
872 2747 968 2817 conjux
980 2784 992 2810 ,

154 2838 158 2847 ·
230 2820 281 2885 630
330 2821 369 2871 Ell
384 2822 439 2875 milti
451 2839 459 2875 r
472 2823 590 2873 consumsi
604 2822 732 2889 naufragus
746 2821 818 2886 hujus
833 2839 904 2888 opes.

292 2895 355 2946 Orru
369 2896 439 2964 Tyro
452 2930 459 2956 ‚
478 2912 577 2965 regnum
595 2894 686 2963 Libyci
701 2895 802 2962 possedit
815 2896 840 2945 in
857 2913 918 2954 ora;

328 2968 408 3033 Quam
422 2987 511 3037 precor
527 2980 554 3021 ut
570 2986 632 3019 carae
647 2984 716 3020 more
733 2970 821 3022 sororis
834 2986 909 3019 ames.

291 3041 378 3092 Omnia
393 3044 531 3108 promittit,
546 3042 679 3110 salsumque
695 3044 795 3095 Lavinia
809 3044 896 3095 vulnus

325 3114 413 3169 Mente
428 3116 619 3184 preminenti,
635 3117 816 3185 dissimulatque
829 3116 948 3167 fremens.
