2367 3942
251 387 389 455 Error.
413 400 474 469 rx
491 388 647 455 ‘Porro
674 385 713 453 L.
739 386 808 456 IV.
837 406 911 481 355

196 506 250 565 Me
266 521 364 572 quoqne
380 501 475 555 secred
492 514 571 571 grates
589 503 636 554 sibi
650 514 749 572 magnus
764 519 886 573 agentem
985 504 988 508 ’

242 578 370 637 Audislet,
385 578 465 627 medii
478 577 518 643 qui
532 576 600 627 sedet
617 578 688 634 aede,
705 578 785 629 Deus.
988 580 992 588 ’

200 652 320 719 Turaque
337 665 419 701 mente
433 651 506 718 magis
520 650 612 717 pleni,
629 654 699 717 quim
714 652 803 711 lance,
820 651 931 703 dedissent

197 718 207 731 ’
242 726 294 775 Ter
311 737 414 791 quater,
431 724 524 789 imperii
538 726 608 773 laetus
623 724 717 775 honore
731 726 777 774 tui.

203 796 254 848 Hic
268 796 459 865 egopptaesentes
474 797 537 847 inter
550 813 689 847 numerarer
702 799 813 857 amicos,
925 811 957 861 35

242 871 314 920 Mitia
329 870 368 935 jus
384 872 457 923 Urbis
470 870 490 922 si
505 869 579 921 mods>
594 870 643 920 sata
658 871 753 923 darent.

203 944 393 1011 Qnaeqnemihi
409 943 459 995 solt
476 944 568 1009 capitur
583 960 647 993 nunc
664 953 747 995 mente
762 947 896 1011 voluptas,

242 1018 314 1068 Tunc
330 1017 406 1069 oculis
424 1017 495 1067 etiam
510 1016 666 1084 percipienda
682 1018 756 1086 soret.

145 1156 148 1161 Ι
203 1092 265 1145 Non
279 1091 313 1143 ita
328 1090 456 1141 Caelitibus
472 1091 545 1141 visum
560 1090 612 1149 esi,
630 1092 657 1141 &
671 1092 772 1143 forsitan
786 1093 881 1159 equis:

243 1166 306 1215 Nam
323 1163 378 1231 quid
394 1179 435 1213 me
449 1180 528 1229 poene
544 1158 612 1213 censa
627 1176 715 1229 negata
727 1163 815 1228 juvet?
925 1179 960 1222 40

205 1237 295 1288 Mente
310 1248 407 1296 tamen,
425 1254 479 1303 quae
495 1236 544 1286 sola
559 1237 617 1286 loco
632 1253 683 1285 non
699 1238 807 1296 exsulet,
831 1249 903 1287 utar:

244 1309 408 1370 Praetextam,
425 1310 502 1359 fasces
517 1309 678 1375 aspiciamque
694 1320 760 1361 tuos.
838 1335 841 1346 =

205 1384 268 1434 Haec
286 1384 359 1435 mods>
372 1395 399 1433 te
414 1384 507 1449 populo
522 1383 665 1433 reddentem
680 1381 734 1446 jura
748 1381 860 1440 videbit,

243 1455 276 1505 Er
289 1457 312 1506 se
329 1456 428 1507 secretis
443 1455 518 1524 finget
534 1455 613 1505 adesse
628 1455 699 1504 locis.

206 1530 279 1581 Nunc
295 1530 363 1596 longi
379 1529 473 1580 reditus
486 1527 557 1577 hastae
573 1527 709 1593 supponere
724 1526 790 1580 liniri
926 1542 944 1587 4
949 1541 960 1587 5

245 1602 358 1659 Cernet,
378 1602 404 1651 ὅι
418 1600 499 1651 exasii
515 1599 599 1650 cunsia
613 1602 696 1651 locare
714 1598 771 1650 side.

206 1676 281 1726 Nunc
297 1673 378 1725 faeere
395 1673 419 1723 in
434 1673 516 1723 medio
533 1673 661 1723 facundum
674 1675 748 1724 verba
764 1673 875 1732 Senatu,

219 1764 221 1769 ’
245 1746 346 1796 Publica
362 1759 508 1812 quaerentem
527 1747 582 1813 quid
600 1758 669 1813 petet
683 1748 783 1797 utilitas.

207 1822 281 1872 Nunc
292 1853 306 1879 „
318 1836 363 1885 pro
380 1819 513 1871 Cesaribus
526 1852 533 1879 ‚
551 1820 650 1885 Superis
666 1821 809 1873 decernere
818 1832 899 1888 grates
912 1837 920 1877 ς

245 1893 339 1944 Albave
354 1894 490 1960 opimorum
503 1895 566 1943 colla
580 1894 653 1943 scrire
670 1896 754 1943 bourn.
930 1908 962 1953 50

158 1990 160 1993 ·
209 1966 291 2032 Atque
309 1966 418 2022 utinam,
436 1962 490 2013 crini
506 1962 553 2028 jam
569 1962 643 2012 fueris
655 1966 752 2029 potiora
766 1976 899 2030 precatur,

245 2039 282 2089 Ut
298 2033 355 2088 inihi
371 2039 480 2104 placetur
495 2035 596 2085 numinis
612 2036 664 2094 ira,
682 2037 774 2104 roges!
838 2072 842 2082 ,

208 2113 298 2179 Surget
313 2112 343 2161 ad
357 2111 419 2167 hanc
434 2126 522 2159 vocem
538 2110 610 2175 pleni
623 2108 677 2174 pius
693 2110 755 2177 ignis
769 2111 799 2159 ab
813 2126 874 2168 ara,

218 2228 221 2233 .
237 2186 347 2251 ,Detque
364 2185 454 2234 boniun
470 2193 531 2233 voto
549 2182 644 2233 lucidus
659 2199 732 2233 omen
745 2200 820 2249 apem

108 2292 118 2301 =·
209 2259 328 2316 Interea,
343 2258 389 2325 qui
404 2270 472 2323 parte
489 2256 568 2315 licet,
587 2272 619 2305 ne
634 2257 718 2307 euntia
734 2274 882 2321 queramur,
931 2272 960 2320 55

247 2331 296 2382 Hic
312 2348 409 2399 quoque
424 2342 449 2380 te
465 2329 548 2380 festum
563 2328 670 2379 Consule
685 2342 781 2395 tenipus
795 2346 874 2398 egum.

212 2407 297 2458 Altera
313 2405 422 2462 laetitiae,
439 2418 485 2453 nec
501 2403 591 2453 cedens
607 2402 675 2453 causa
691 2403 783 2468 priori,

248 2478 374 2529 Successor
387 2478 448 2527 tanti
463 2476 538 2526 freter
554 2476 674 2533 honoris,
694 2477 750 2528 erit.
792 2480 795 2487 ’

213 2552 275 2601 Nam
290 2554 334 2602 tibi
350 2550 444 2601 finitum
459 2549 570 2608 summo,
592 2548 726 2608 Graecite,
744 2547 877 2601 Decembri

251 2623 396 2689 Imperium,
415 2622 468 2675 Jani
484 2622 579 2687 suscipit
596 2622 638 2672 ille
654 2622 704 2671 die.
933 2618 966 2665 60

216 2694 325 2761 Quaeque
342 2698 374 2747 est
389 2699 414 2747 in
429 2695 500 2745 vobis
516 2696 613 2761 pietas,
629 2696 723 2747 alterna
739 2695 822 2745 seretis

253 2766 367 2828 Gaudia,
385 2782 412 2820 tu
424 2770 504 2820 fratris
520 2769 642 2828 fascibus,
660 2769 702 2819 ille
717 2770 775 2817 tuis.

215 2842 256 2895 Sic
266 2853 301 2891 :tu
317 2842 352 2891 bis
365 2845 440 2895 suerit
456 2843 565 2901 Consul,
582 2844 619 2893 bis
636 2840 769 2892 Consul&
785 2838 844 2894 illu

253 2915 329 2981 inque
347 2916 417 2965 domo
432 2918 508 2967 bimus
526 2915 688 2981 conspicietur
700 2913 788 2961 honor.

215 2987 265 3055 Qui
277 3004 416 3054 quamquam
425 2990 458 3039 est
468 2991 552 3055 ingens
565 3022 572 3046 ,
586 2988 612 3037 δι
623 2983 714 3035 nullum
724 2983 815 3034 Martia
824 2981 913 3032 summo
932 2979 964 3040 65

251 3060 331 3115 Altius
345 3063 469 3131 imperium
484 3060 591 3127 Consule
606 3060 684 3113 Roma
697 3058 786 3113 videti
