2367 3942
443 408 624 479 IBIS.
814 434 886 506 371

182 526 245 579 Huic
259 523 332 593 igitur
348 522 445 575 meritas
459 538 559 593 grates,
575 526 720 592 ubicumque
732 524 835 587 licebit,
886 546 933 592 ⁴25

219 601 265 650 Pro
282 612 331 649 tarn
347 597 470 649 mansueto
486 599 585 664 pestere
603 600 696 665 semper
709 616 788 666 agam.

182 672 272 725 Addiet
287 673 340 723 ltaec
356 669 447 721 Pontus
466 686 474 722 t
492 672 564 722 saciat
580 688 678 738 quoque
695 672 797 723 forsitan
811 674 895 733 idem,

217 745 294 795 Terra
312 744 343 799 sit
359 755 387 793 ut
400 744 499 810 propior
513 743 660 795 testificanda
676 744 742 795 mihi.

180 818 215 869 At
230 819 295 875 tibi,
315 816 408 867 calcasti
423 817 464 883 qui
480 834 540 873 me,
557 819 685 876 violente,
701 817 845 884 jacentem,

217 888 359 953 Quamlibet
375 890 401 939 δι
418 890 503 943 misero
519 891 614 942 debitus
630 892 702 941 hoslis
719 908 773 943 ero.
864 945 868 953 ,
898 906 932 960 30

180 963 286 1015 Desinet
302 961 349 1013 esse
365 960 430 1027 priris
447 965 581 1013 contrarius
597 964 692 1031 ignibus
708 965 813 1024 humor3

217 1036 350 1101 Junstaque
364 1052 418 1086 cum
435 1036 502 1086 Luna
517 1038 598 1087 sidera
613 1037 677 1087 Solis
693 1050 786 1095 erunt;

181 1108 287 1176 Parsque
302 1108 388 1159 eadem
402 1109 457 1159 coeli
472 1108 600 1177 Zephyros
614 1110 711 1160 emittet
726 1110 753 1161 dt
768 1111 868 1169 Euros;

217 1182 249 1232 Et
264 1180 361 1246 tepidus
380 1182 462 1248 gelido
477 1182 544 1233 tiabit
561 1184 591 1232 sb
607 1200 653 1231 axe
667 1183 769 1241 Notus,

180 1254 212 1306 Et
228 1271 291 1305 nova
307 1254 415 1304 fraterno
430 1256 513 1304 veniet
529 1255 660 1305 eoncordia
674 1255 762 1313 sumo,
896 1270 929 1321 35
943 1300 947 1305 ,

215 1326 297 1390 Quem
311 1338 383 1376 vetus
398 1326 500 1377 accensi
516 1326 609 1392 separat
622 1328 659 1376 ira
673 1326 753 1394 pyrb5

142 1400 145 1404 ’
181 1398 212 1449 Et
229 1400 281 1451 Ver
295 1399 440 1455 Autumno,
456 1400 548 1448 Brumae
563 1399 700 1449 miscebitur
715 1397 815 1457 AEstnst

215 1472 297 1537 Atque
313 1470 398 1519 eadem
414 1471 483 1538 regio
497 1471 634 1537 Vesper&
648 1471 727 1522 Ortus
740 1486 831 1523 erunt:

181 1544 260 1609 Quint
270 1543 326 1593 milri
337 1544 370 1593 sit
378 1555 459 1592 tecum
470 1576 478 1602 ,
495 1543 580 1607 positis
591 1560 645 1609 quae
655 1543 777 1594 sumsimus
788 1545 857 1596 armis
869 1577 877 1604 ,

216 1616 319 1673 Gratia,
336 1615 484 1674 commissis,
501 1616 629 1682 improbe,
644 1629 715 1681 rupta
728 1617 784 1667 tuis.
893 1634 928 1679 40

178 1688 229 1739 an
243 1691 289 1737 erit
307 1688 358 1737 liaec
371 1688 460 1747 nobis,
480 1689 558 1738 donec
574 1689 632 1758 mihi
647 1688 697 1739 vita
713 1690 838 1749 manebit,
919 1683 923 1687 ¹

216 1759 278 1809 Cum
292 1776 383 1825 pecore
398 1758 491 1811 infirmo
506 1778 559 1827 quer
576 1762 638 1811 solet
651 1761 699 1811 esse
713 1763 786 1827 lupis.

177 1833 256 1885 Prima
272 1834 369 1899 quidem
384 1846 466 1900 coepto
482 1835 629 1885 conmittens
646 1835 732 1899 proelia
748 1837 838 1894 versu',

215 1907 273 1957 Non
290 1906 504 1974 soleantquemvis
521 1909 568 1959 hoe
584 1908 648 1973 pede
664 1908 804 1975 belligeri.

180 1981 265 2046 thue
281 1980 344 2044 petit
357 1978 434 2045 primo
451 1982 548 2045 plenum
563 1980 673 2030 flaventis
688 1996 768 2030 erenae
793 2017 798 2025 .
894 1995 928 2044 45

212 2052 328 2103 Nondum
343 2051 436 2101 calsasli
452 2052 533 2101 velitis
550 2051 613 2101 hasta
631 2052 727 2109 solnm5

176 2125 217 2177 Sic
235 2140 283 2192 ego
296 2136 323 2174 te
340 2124 405 2173 serto
421 2125 527 2174 nondum
540 2123 665 2189 jaculabor
678 2136 773 2183 acuto,

214 2196 328 2248 Protinus
344 2196 444 2246 invisum
458 2213 504 2247 nec
520 2208 590 2263 petet
606 2196 671 2247 halla
686 2210 768 2262 eaput.
797 2195 799 2198 ’

176 2270 210 2320 Et
227 2286 307 2337 neque
322 2284 411 2319 nornen
425 2270 449 2320 in
465 2272 533 2329 hoc,
549 2286 597 2321 nec
612 2270 690 2320 dicem
703 2270 763 2321 sasb
778 2270 862 2323 libello
875 2287 884 2325 t

213 2342 301 2409 Teque
317 2342 404 2397 brevi,
423 2343 465 2409 qui
479 2343 531 2402 sis,
550 2342 698 2393 dissimulare
713 2341 797 2394 sinam.
843 2383 848 2400 ,
896 2359 930 2408 50

175 2414 324 2473 Postmodo,
341 2416 362 2465 si
377 2432 482 2483 perges,
496 2416 521 2465 in
534 2427 560 2466 te
573 2416 631 2465 mihi
645 2416 708 2467 liber
720 2416 814 2467 iambus

211 2486 297 2539 Tinsla
313 2487 452 2555 Lycambdo
470 2488 583 2557 sanguine
599 2491 648 2541 tela
663 2489 745 2545 dabit,

176 2562 270 2620 Nunc,
290 2577 338 2628 quo
354 2561 480 2612 Battiades
495 2562 618 2613 inimicum
635 2562 743 2613 devovet
759 2562 833 2621 ibin,

214 2634 270 2685 Hoc
286 2651 333 2703 ego
349 2634 462 2685 devoveo
478 2646 552 2701 teque
566 2647 670 2700 tuosque
686 2635 771 2685 modo.

177 2706 262 2773 thue
278 2706 339 2765 ille,
355 2706 457 2757 historiis
472 2705 596 2757 involvam
613 2707 717 2759 earmina
731 2707 821 2759 eaeeis:
896 2720 927 2769 55

215 2779 274 2829 Non
288 2779 375 2829 soleam
388 2780 495 2847 quemvis
508 2781 555 2831 hoc
572 2798 654 2849 genus.
665 2780 715 2847 ipse
731 2781 807 2848 sequi·

179 2850 248 2903 illins
262 2854 373 2921 ambages
387 2854 493 2905 imitatus
508 2854 532 2904 in
547 2854 616 2907 Ibide
630 2854 717 2911 dicar,
791 2886 795 2893 -

214 2924 314 2978 Oblitus
330 2927 403 2976 moris
421 2925 552 2993 iudiciique
568 2928 627 2977 mei.

176 2996 210 3048 Et
225 2999 355 3063 quoniam,
371 3000 412 3064 qui
426 3001 477 3057 sis,
491 3000 597 3051 nondum
613 2997 777 3065 querentibus
790 2997 862 3054 edo,

214 3070 289 3123 ibidis
305 3071 398 3123 interea
415 3084 443 3123 tu
455 3088 551 3140 quoque
565 3088 655 3125 nomeu
667 3071 742 3125 habe.
896 3066 931 3117 60

782 3140 848 3209 Qvi
