2367 3942
230 377 375 499 ensi.
400 427 459 495 rx'
487 432 632 495 Ponro
660 429 698 499 L.
724 431 752 498 I.
794 431 868 524 287
917 527 919 533 Ι

138 548 140 551 ’
159 547 274 615 Quaeque
290 561 332 597 tua
348 546 382 596 est
398 545 497 610 pIetas;
516 557 543 594 ut
557 558 583 595 te
599 563 648 594 non
663 549 759 598 excolat
775 549 869 615 ipsum,

196 620 240 674 Jus
258 621 358 687 aliquod
370 635 450 668 tecum
466 618 546 668 fratris
561 619 652 668 amiens
667 619 749 670 haber.
878 621 913 674 60
1006 685 1016 691 ,

161 693 250 759 Quid?
266 694 333 760 quod
345 724 353 749 ,
370 704 398 741 ut
407 691 511 742 emeritis
521 690 649 741 reserenda
659 692 692 740 est
701 693 775 760 gratia
786 694 893 762 semper,

195 768 237 817 Sic
255 768 289 816 est
305 767 410 816 sortunae
426 763 580 830 promeruisse
597 762 668 816 tuae?

159 829 272 905 Quodsi
288 837 408 905 permittis
423 838 491 887 nobis
506 835 627 895 strodere,
644 837 700 903 quid
716 851 805 904 optes:

196 915 233 964 Ut
250 914 313 970 des,
331 915 401 978 quim
415 911 520 967 reddas,
538 911 625 974 pinta,
645 926 744 975 precare
759 913 839 964 Deos.

158 985 236 1053 quue
247 987 325 1043 sacis,
341 995 502 1052 quantumque
512 984 570 1034 iicet
580 981 725 1042 meminisse,
739 987 840 1038 volebas
877 986 892 1038 6
898 1003 909 1050 5

196 1058 283 1110 Officii
298 1059 392 1107 causam
407 1057 514 1121 pluribus
529 1055 576 1105 esse
585 1055 681 1120 datam.

158 1131 281 1197 Quolibet
296 1133 321 1180 in
337 1144 439 1179 numero
451 1145 510 1186 me,
527 1127 681 1186 Messalline,
698 1144 811 1195 repone:

195 1204 246 1253 Sim
262 1200 337 1252 modd
350 1218 405 1268 pate
419 1200 503 1251 vestra
520 1218 569 1251 non
584 1202 663 1250 eIIena
679 1202 774 1253 domsss.

158 1277 192 1327 Et
205 1277 270 1326 mala
285 1274 425 1331 Nasonem,
441 1274 555 1339 quoniam
570 1273 680 1323 meruisse
697 1275 812 1335 videtur,

195 1349 287 1400 Sinon
301 1348 366 1398 ferre
381 1347 467 1418 doles,
486 1359 512 1396 at
528 1346 636 1396 meruisse
654 1347 719 1398 dole.
878 1366 913 1413 70

220 1455 866 1547 e=====dffi=z===m·

282 1571 626 1636 EPISTOLA
666 1574 810 1637 VIII.

407 1699 479 1758 SE
501 1703 532 1759 V
545 1699 573 1756 E
594 1700 621 1756 R
643 1694 680 1760 0.

160 1787 231 1903 A«
249 1863 327 1900 rtur
343 1852 430 1904 driedo
445 1851 532 1904 missam
548 1853 759 1905 Nasone'salutem

196 1923 312 1992 Accipe,
330 1938 383 1989 part
397 1927 481 1978 anime
497 1943 599 1993 magna,
619 1927 731 1986 Severe,
751 1943 821 1978 meae.

159 1995 231 2045 Neve
242 2007 303 2063 roga
314 2029 322 2054 ,
339 1998 395 2062 quid
406 2015 474 2064 agam
485 2013 493 2047 t
505 1999 663 2062 §persequar
673 2000 752 2049 omnia
764 2032 772 2057 ,
787 1999 857 2048 flebis
868 2013 876 2048 ι

197 2069 295 2118 Summa
312 2068 368 2118 satis
382 2071 456 2119 nostri
468 2071 490 2118 ei
501 2070 551 2118 tibi
566 2081 625 2118 nota
639 2070 705 2119 mali.

160 2141 274 2193 Vivimus
288 2141 411 2200 assiduIe,
428 2153 541 2206 expertes
557 2141 644 2207 pacit,
661 2143 685 2190 in
702 2142 791 2199 ermis,
858 2183 862 2190 .
881 2155 894 2207 5

197 2214 260 2262 Dira
276 2214 417 2278 pharetrato
433 2216 496 2264 bella
512 2225 629 2264 movente
648 2214 723 2264 Gen.

159 2286 253 2351 Deque
266 2297 306 2336 tot
319 2287 424 2354 expulsis
440 2288 489 2337 sum
506 2286 617 2339 milesio
634 2286 716 2336 exsule
733 2286 806 2337 solue.

196 2360 283 2416 Tuta,
303 2375 349 2409 nec
363 2361 480 2420 invideo,
501 2371 583 2410 cetera
600 2361 669 2409 turba
685 2358 763 2424 jacet.

159 2429 271 2497 Qudque
285 2433 359 2500 magis
376 2431 468 2484 nostros
482 2433 554 2483 venit
570 2433 670 2500 dignere
686 2433 782 2484 libellos
791 2465 800 2490 ,
841 2443 843 2448 '

196 2503 260 2554 nec
271 2505 297 2554 in
311 2505 437 2571 preciosiu
454 2497 558 2557 carmina
574 2505 635 2556 sosio
652 2507 728 2574 leges.
771 2529 778 2540 ·
882 2519 914 2557 ιο

154 2577 215 2628 &at
226 2588 300 2628 'vetus
317 2579 392 2637 urbs,
412 2580 474 2646 ripae
487 2579 566 2628 vicina
581 2579 707 2628 binominis
724 2575 793 2638 Istri,

197 2648 322 2700 Moenibus
339 2651 365 2701 dt
380 2653 463 2719 positu
475 2653 516 2702 va
530 2651 640 2700 adeunda
654 2652 711 2702 Ioci.

160 2720 263 2788 Caspius
279 2720 421 2792 AEgypsos,
437 2725 507 2776 dese
523 2722 544 2774 si
560 2721 678 2774 credimus
695 2725 772 2790 ipsis,

199 2795 335 2856 Condidit,
355 2800 382 2848 dt
396 2798 495 2864 proprio
512 2798 610 2846 nomine
627 2796 687 2847 dixit
702 2813 772 2863 opus.

159 2868 234 2918 Hanc
247 2868 333 2927 fetus,
354 2871 467 2938 Odrysiis
482 2870 581 2936 Inopino
597 2869 677 2920 Marte
693 2867 826 2935 peremtis,
872 2881 916 2930 ¹15

200 2939 294 3005 Cepit,
316 2943 342 2992 &
358 2943 382 2991 in
398 2960 482 3011 regem
500 2942 589 2992 sustulit
607 2959 689 2998 arma,
712 2941 800 2991 Getes.

163 3013 208 3067 Ille
226 3029 320 3063 memor
335 3017 413 3082 magni
430 3017 547 3082 geuene,
566 3015 657 3062 virtute
674 3013 738 3078 quod
755 3023 846 3080 auget,

152 3146 159 3153 ,
201 3084 315 3139 Protinus
331 3087 459 3142 innumero
475 3089 552 3139 milite
567 3081 657 3137 cintius
671 3085 744 3135 adest.
