2367 3942
234 404 380 483 Ensr.
404 411 465 466 arc
490 394 632 461 Porro
660 390 698 457 L.
725 388 790 456 Ill.
818 404 891 482 325

184 526 274 577 Fabula
287 532 381 573 narrata
395 516 429 566 est
443 512 494 581 post
511 514 580 578 quim
596 506 701 575 vulgaris
716 506 746 553 ab
760 505 824 565 illo,

220 597 360 647 Laudarunt
376 604 459 640 omnes
473 586 532 635 falla
548 584 659 649 piamque
674 578 756 628 fidem.

186 670 286 722 Scilicet
301 669 347 716 hec
364 664 456 717 etiam,
472 658 518 726 qui
533 657 599 707 nulla
613 652 737 709 ferocior,
753 651 797 703 ori

224 744 323 791 Nomen
334 736 452 790 Amicitiae
465 733 564 782 barbara
578 728 652 777 corda
666 738 759 775 movet.
910 734 960 771 roo

187 815 256 880 Quid
272 814 353 863 facere
370 806 474 859 Ausonii
491 803 567 872 geniti
583 799 679 850 debetis
695 798 720 848 in
734 798 822 857 Urbe,

224 887 288 938 Cirm
303 894 402 951 tangant
414 882 479 930 diros
496 877 554 927 talia
569 873 630 923 faeta
645 870 747 921 Getas?

186 961 278 1019 Adde,
293 958 357 1025 quod
374 954 408 1005 est
423 954 514 1003 artimus
531 948 624 1013 semper
639 944 683 995 tibi
695 945 758 995 mitis
767 960 777 1003 3
792 943 817 995 &
829 942 884 993 altae

225 1034 342 1084 Indicium
358 1045 438 1079 mores
454 1020 587 1075 nobilitatis
605 1020 701 1076 habet3

189 1108 261 1171 Quos
278 1103 388 1156 Volesus
399 1099 472 1167 patrii
485 1094 615 1164 cognoscat
631 1092 736 1142 nominis
750 1090 831 1141 aanor
844 1106 867 1148 3.
912 1099 961 1148 105

169 1237 172 1243 ,
226 1180 298 1244 Quos
311 1180 391 1227 Numa
406 1185 531 1223 maternus.
544 1184 594 1217 non
610 1176 685 1232 neget
700 1164 746 1215 elle
763 1164 850 1220 luoss

190 1252 334 1318 Adieftique
350 1249 456 1316 probent
471 1241 576 1309 genitiva
592 1239 622 1288 ad
639 1237 736 1286 nomina
751 1236 853 1293 Cottae,
909 1286 915 1295 ¹

227 1326 253 1375 Si
266 1338 296 1375 tu
309 1340 358 1373 non
375 1320 454 1376 effes,
470 1314 601 1365 interitura
615 1311 711 1359 domus.

188 1398 272 1465 Digne
287 1397 323 1448 vir
336 1397 382 1445 hac
399 1391 478 1447 serie,
496 1387 562 1453 lapso
580 1385 720 1434 succurrere
735 1382 812 1433 amieo

227 1470 383 1523 Conveniens
399 1464 446 1515 illis
464 1461 570 1511 moribus
588 1456 635 1507 elle
652 1468 720 1522 puta.
914 1463 964 1501 110
1003 1460 1005 1465 ·

237 1569 898 1645 .c--=--==Sssss·-·=··--··l>

279 1691 680 1759 .EPISTOLA
728 1683 824 1748 III.

290 1818 504 1882 FABIO
563 1810 864 1881 MAXIMO·

196 1914 253 2034 St
267 1988 338 2028 vacat
349 1974 462 2043 exiguum
478 1974 584 2040 profugo
601 1973 659 2021 dare
672 1982 767 2035 tempus
778 1964 877 2022 amico,

228 2052 253 2103 Ο
268 2050 274 2099 l
289 2050 354 2099 sidus
369 2048 447 2098 Fabiae
461 2046 568 2096 Maxime
583 2044 682 2112 gentis,
699 2042 757 2091 ades
770 2055 779 2091 ι

191 2126 258 2177 Dum
271 2122 316 2173 tibi
332 2138 385 2188 quae
399 2119 448 2169 vidi
462 2119 566 2169 referam
579 2136 588 2176 ;
610 2118 652 2167 seu
666 2112 776 2180 corporis
789 2111 894 2165 umbra,

228 2198 277 2249 Seu
294 2194 347 2246 veri
363 2192 476 2260 species,
497 2192 538 2242 leu
554 2192 601 2241 fuit
616 2190 657 2239 ille
675 2189 757 2253 sopor.
801 2244 805 2251 .

191 2272 250 2323 Nox
267 2266 485 2320 eunuchisare
500 2263 687 2315 intrabat'Luna
704 2258 817 2310 fenestras
832 2288 841 2315 ,
916 2266 929 2316 5

229 2342 317 2395 Mense
332 2336 384 2391 fer'e
396 2339 479 2389 medio
496 2350 584 2405 quanta
598 2338 677 2387 nitere
692 2334 764 2385 solet'.

191 2417 292 2469 Publica
309 2430 346 2464 me
363 2412 459 2479 requies
476 2427 606 2471 curarum,
625 2410 720 2460 somnus
737 2404 859 2461 habebat,
913 2421 917 2429 ¹

228 2490 337 2556 Fusaque
351 2500 420 2537 erant
435 2496 491 2537 toto
508 2486 619 2556 languida
635 2482 741 2533 membra
757 2492 834 2529 toro:
903 2467 906 2471 ’

100 2552 102 2573 ¹
194 2562 257 2613 Cim
271 2558 349 2614 subito
365 2560 450 2627 pennis
465 2558 568 2627 agitatus
584 2556 705 2607 inhorruit
721 2553 785 2612 a'e'r,

232 2634 263 2684 Et
278 2635 369 2702 gemuit
384 2649 460 2698 parvo
474 2644 539 2681 mota
555 2631 656 2683 senellra
668 2629 741 2679 sono.
919 2632 951 2669 10

194 2708 307 2759 Territus
322 2708 467 2757 incubitum
481 2706 567 2755 relevo
581 2720 635 2753 mea
649 2704 755 2753 membra
770 2693 909 2748 sinistrume

233 2779 316 2831 Pulsus
334 2780 359 2832 &
374 2796 388 2829 e
402 2772 501 2846 tretiido.
513 2778 612 2845 peliore
628 2776 724 2826 somnus
739 2771 797 2821 abir.

196 2854 282 2905 Stabat
297 2853 373 2903 Amor
388 2855 475 2911 vultu.
498 2868 546 2901 non
564 2867 617 2917 quo
629 2846 694 2915 priris
712 2844 761 2896 elle
776 2840 888 2896 solebat,

233 2927 321 2977 Fulcra
337 2937 421 2976 tenens
439 2923 499 2977 laevir
513 2924 583 2973 trillis
601 2938 689 2972 acerna
704 2931 786 2967 manu.

195 3002 250 3055 Nec
265 2998 376 3065 torquem
393 3000 476 3056 collo,
493 3014 538 3047 nec
552 2996 645 3045 habens
661 2992 752 3042 crinale
768 2984 879 3052 capillis;
920 2993 954 3043 15

231 3075 286 3129 Nec
302 3075 365 3127 beon
382 3071 510 3140 dispositas
521 3082 616 3137 conitus
628 3100 641 3145 ².-
655 3079 683 3119 ut
698 3076 778 3122 ante,
790 3073 886 3115 cuman
