2367 3942
271 408 319 477 82
368 402 410 471 P.
440 401 637 473 Orrnrr
663 399 899 470 Nasonis

270 524 371 593 Colligit
387 535 516 579 errantes.
536 521 564 572 dc
580 522 606 571 in
621 522 709 571 arbore
724 520 813 571 claudit
827 520 895 573 ἰωή

306 600 381 649 Liber
395 613 403 647 ε
416 598 442 647 dr
458 596 552 645 inventi
567 596 665 661 premia
680 594 759 644 meilis
774 594 858 644 babet.

208 692 242 739 74
247 690 259 737 5
274 674 309 725 Ut
323 672 402 739 Satyri
416 670 527 736 levisque
541 669 616 719 fener
629 668 734 735 tetigere
750 666 881 733 saporem

306 744 456 809 Querebaut
469 744 546 794 ssavos
561 759 607 809 per
621 758 706 792 neruus
721 756 794 791 omne
811 740 892 791 favos.

272 820 347 871 Audit
363 819 388 869 in
405 817 477 869 exesa
492 816 618 867 iiridorern
629 815 745 866 examinis
760 816 849 872 ulmo;
916 836 920 843 ·

305 892 398 959 Aspicit
415 891 441 943 δι
458 906 544 950 ceras,
565 885 746 955 dissimulnque
763 888 848 939 senex.

272 968 356 1033 thue
372 966 441 1034 piger
456 964 530 1031 pandi
543 978 615 1031 tergo
631 961 754 1013 residebat
768 960 836 1035 aselli
846 995 858 1017 ,

210 1058 263 1107 75ο
311 1040 425 1105 Applicat
440 1039 505 1089 hunc
519 1040 586 1089 ulmo
602 1036 782 1102 corticibusque
798 1035 875 1085 caris.

272 1112 387 1165 Constitit
400 1110 450 1179 ipse
467 1112 538 1179 super
553 1110 649 1161 ramoso
662 1109 743 1175 stipite
758 1108 850 1166 niam

308 1187 391 1255 Atque
407 1184 477 1237 avide
493 1197 583 1235 trunco
599 1182 698 1234 condita
711 1182 785 1231 rneila
799 1181 876 1257 petit.

270 1260 351 1310 Miliia
367 1261 511 1314 crabronum
527 1259 640 1313 coeunt,
657 1258 685 1308 bc
699 1255 793 1305 vertice
809 1256 876 1305 nudo

309 1333 405 1401 Spicula
423 1331 549 1399 defigunt,
567 1346 659 1398 oraque
676 1329 765 1379 tunna
779 1341 875 1379 notant.

210 1422 261 1471 755
276 1408 320 1459 ille
337 1406 402 1458 cadit
416 1422 525 1473 preceps
540 1438 548 1464 ,
569 1406 597 1456 δι
612 1406 680 1455 calce
693 1404 780 1454 ieritrn
793 1402 882 1459 aselli;

309 1480 472 1548 inclamatque
490 1480 564 1539 suos,
583 1478 746 1545 auxiliumque
763 1488 844 1543 rogat.

272 1554 429 1611 Concurrunt
441 1554 540 1621 Satyri,
557 1555 729 1621 turgentiaque
743 1567 787 1600 ora
801 1547 907 1615 parentis

308 1626 417 1676 Ridenta
430 1626 541 1691 perculso
556 1626 675 1676 claudicat
689 1627 731 1674 ille
748 1639 821 1691 genu.

271 1698 346 1749 Ridet
361 1699 386 1749 bc
403 1698 452 1761 ipse
467 1698 556 1753 Deus,
574 1696 705 1762 limumque
720 1698 836 1745 inducere
849 1694 987 1754 monstram

209 1770 262 1837 760
310 1770 358 1821 Hic
376 1782 445 1836 paret
460 1769 577 1825 monitis,
595 1768 622 1817 dc
636 1768 690 1816 linit
705 1783 748 1817 ora
763 1769 826 1817 luto.

272 1843 350 1893 Melle
367 1855 437 1909 pater
451 1842 555 1891 fruitur:
570 1840 671 1906 liboque
685 1839 760 1891 infusa
774 1840 864 1890 calenti

308 1916 322 1968 J
325 1933 367 1967 ure
383 1912 504 1984 repertori
521 1913 623 1967 candida
637 1914 710 1965 mella
727 1914 820 1965 dantus.

271 1990 369 2041 Femina
386 2006 428 2041 cut
441 1987 549 2057 preiict,
566 2004 616 2039 non
632 1988 666 2040 est
682 1988 782 2040 rationis
797 1998 914 2056 operte-t

308 2064 438 2116 Femineos
453 2065 536 2133 thyrso
553 2064 661 2115 concitat
676 2065 719 2115 iiie
736 2064 835 2115 choros.

209 2136 259 2201 765
274 2136 324 2187 Cur
340 2156 399 2190 anus
414 2138 462 2189 hoc
480 2140 572 2196 faciat,
589 2136 695 2203 quaeris?
715 2138 825 2189 vinosior
837 2148 896 2186 etas

308 2210 368 2261 Haec
386 2211 438 2269 eii,
459 2212 485 2261 dt
500 2209 603 2276 gravida
618 2224 719 2259 munera
732 2210 789 2258 vitia
802 2224 894 2258 ainans.

272 2282 323 2333 Cur
334 2283 425 2334 hedeni
435 2282 511 2334 cincla
522 2279 573 2332 est?
585 2282 677 2332 hedera
687 2279 721 2329 eii
731 2281 865 2349 gratifflrm
876 2281 991 2332 baccho.
1005 2319 1010 2328 .

308 2354 365 2406 Hoc
382 2372 481 2423 quoque
497 2372 540 2404 cur
556 2355 590 2404 ita
605 2354 656 2412 sit,
674 2354 756 2403 dicere
771 2354 837 2402 nulla
851 2368 921 2404 mora
938 2355 989 2408 eil.

270 2428 392 2496 Nysiades
408 2428 549 2495 Nymphae,
566 2441 671 2490 puerunt
685 2438 811 2491 querente
825 2424 955 2488 novercd,
1026 2474 1031 2482 ,

208 2518 262 2566 77ο
312 2500 382 2550 Hanc
397 2501 508 2551 frondem
524 2500 592 2550 cunis
606 2498 740 2566 apposuere
756 2497 835 2547 novis.

272 2574 425 2631 REsTnT,
445 2586 472 2623 ut
486 2574 622 2631 inveniam,
641 2568 721 2639 quare
730 2583 789 2639 toga
802 2572 879 2621 libera
893 2572 969 2625 detur

307 2646 424 2697 Lucifero
440 2647 542 2711 pueris,
561 2646 661 2697 candide
677 2646 793 2701 Bacche,
809 2655 863 2694 tuo.

269 2718 325 2771 Sive
337 2752 345 2778 ,
358 2720 423 2786 quod
437 2720 485 2786 ipse
501 2736 561 2786 puer
574 2719 669 2787 semper
678 2753 687 2775 ,
696 2717 861 2784 juvenisque,
874 2718 990 2781 videtin

305 2792 336 2843 Et
352 2792 431 2843 inedia
448 2792 481 2843 eii
495 2804 552 2843 aetas
567 2793 632 2843 inter
645 2804 773 2857 utrumque
789 2792 844 2841 tibi.

208 2881 258 2931 775
273 2864 321 2915 Seu
337 2865 433 2930 quintu
449 2877 519 2933 pater
535 2880 580 2923 ec,
601 2877 700 2931 patret,
717 2864 757 2915 sua
773 2865 896 2934 pignora,
911 2878 990 2919 natos

306 2938 482 2991 Commendant
499 2956 562 2990 curae
579 2938 762 3005 numinibusque
778 2942 835 2992 tuis.

270 3010 343 3071 site,
359 3014 424 3077 quod
439 3030 464 3063 es
481 3014 569 3069 liber,
585 3012 655 3062 veliis
671 3028 769 3080 quoque
785 3015 860 3069 libera
875 3028 920 3082 ptr
935 3025 967 3065 te

304 3084 429 3146 Sumltur,
450 3088 476 3139 dc
493 3087 549 3139 vitae
565 3086 761 3142 liberioris'iter.
