2367 3942
287 369 339 465 76
387 362 428 435 P.
456 322 650 452 orirnrr
677 367 913 437 Nasonis
1015 351 1018 357 Δ

287 492 337 541 Sub
352 488 415 541 iove
432 504 486 554 pars
503 486 573 539 durat
584 502 591 537 :
603 486 675 553 pauci
691 486 797 537 tentoria
812 502 927 552 pouuut3

324 560 405 619 Sunt,
425 561 510 627 quibus
524 577 538 609 e
554 578 622 611 ramo
638 559 740 609 frondea
752 559 812 609 uua
826 561 878 611 casa
895 562 939 612 est.

239 660 242 665 ·
287 634 344 687 Pars
359 634 393 683 ibi
408 650 453 700 pro
469 634 555 701 rigidis
570 635 676 683 calamos
691 630 794 682 statuere
810 634 945 693 columnis,

227 724 280 774 530
326 708 439 773 Desuper
456 718 567 757 extentas
583 706 718 771 imposuere
734 716 818 771 togas.

288 782 346 833 Sole
363 793 443 831 tamen
457 780 563 847 vinoque
581 782 660 829 calent
674 794 818 843 :annosque
830 791 976 844 precantur,

325 854 395 919 Quot
410 854 501 903 sumant
515 854 638 921 cyathos;
655 851 685 901 ad
699 868 872 918 numerumque
887 853 978 904 bibunt.

287 927 400 979 invenies
414 928 463 977 illic
475 953 489 985 ‚1
503 927 544 993 qui
559 925 666 977 Nestoris
681 924 761 975 ebibat
776 941 872 984 annos,

324 999 386 1065 Quae
404 1000 436 1050 sit
451 1016 495 1066 per
512 1000 601 1050 calices
616 998 677 1049 [atla
690 997 784 1064 Sibylla
800 998 864 1049 suos.

228 1090 257 1141 53
265 1092 276 1138 5
291 1075 343 1125 illic
358 1075 384 1123 dt
400 1085 517 1131 cantant,
533 1073 649 1139 quidquid
666 1070 773 1123 didicere
786 1070 910 1129 theatris;

162 1168 165 1175 ⁴
324 1148 356 1199 Et
371 1145 460 1213 judlant
478 1146 560 1196 faciles
577 1147 608 1195 ad
625 1145 664 1194 sua
679 1144 754 1193 verba
768 1146 872 1202 manu's;

288 1222 319 1273 Et
337 1222 428 1271 ducunt
441 1220 522 1287 posito
540 1219 611 1269 duras
627 1230 720 1267 cratere
738 1216 862 1276 choreas,

324 1294 453 1361 Multaque
468 1292 558 1343 diffusis
576 1292 645 1341 saltat
661 1290 739 1339 amica
755 1290 841 1341 comis.

290 1366 353 1419 Cum
367 1368 490 1425 redeunt,
507 1367 631 1422 titubant,
648 1365 675 1415 8(
689 1363 743 1415 sunt
757 1362 892 1429 spediacula
905 1365 998 1432 uulgo;

231 1460 281 1507 540
330 1442 360 1492 Et
375 1442 511 1492 fortunatos
528 1440 600 1490 obvia
616 1440 687 1489 turba
703 1450 803 1487 vocant.
856 1489 860 1499 ,

290 1516 396 1567 Occurri
413 1532 490 1581 nuper
502 1530 509 1565 t
521 1512 570 1563 viia
587 1512 621 1563 eil
635 1513 692 1563 mibi
710 1512 781 1578 digna
796 1510 875 1561 relatu

326 1588 435 1653 Pompat
450 1589 529 1637 senem
548 1600 634 1653 potum
646 1600 706 1651 pota
721 1585 831 1634 trahebat
847 1600 916 1634 anus.

290 1662 353 1726 Quae
364 1673 443 1711 tanuen
452 1661 504 1709 liaec
515 1659 569 1707 Dea
581 1661 612 1707 sit
622 1658 632 1706 i
643 1657 755 1723 quoniam
765 1658 900 1709 rumoribus
910 1668 1001 1712 errant,

327 1734 415 1783 Fabula
430 1731 557 1796 proposito
570 1732 635 1779 nulla
651 1729 754 1779 tacenda
767 1746 833 1779 meo.

232 1824 279 1871 545
295 1806 391 1857 Arserat
406 1802 492 1855 AEneae
508 1802 575 1851 Dido
591 1801 730 1851 miserabilis
744 1802 821 1868 igne5

330 1878 427 1928 Auserat
443 1874 564 1927 exstructis
579 1875 604 1924 in
620 1875 659 1925 sua
673 1874 722 1925 fata
737 1874 814 1941 rogis.

293 1952 499 2019 Compositusque
508 1949 583 2007 cinis,
602 1947 735 2017 tumulique
745 1948 769 1999 in
778 1964 898 1999 marmore
908 1965 1007 1999 carmen

330 2026 385 2077 Hoc
401 2028 494 2086 breve,
512 2024 577 2093 quod
592 2024 698 2075 moriens
714 2023 763 2090 ipsa
779 2023 896 2090 reliquit,
912 2037 987 2081 erat5

254 2152 256 2157 ,
293 2100 399 2151 Praebuit
412 2096 503 2151 AEnear
519 2100 545 2151 &
561 2099 653 2150 causam
668 2091 751 2149 mortis
770 2099 797 2149 8(
811 2097 912 2152 ensem

235 2190 286 2238 550
334 2174 384 2240 Ipsa
400 2174 439 2223 sud
453 2174 521 2223 Dido
536 2172 642 2221 concidit
660 2171 700 2220 usa
713 2188 793 2219 manu.

296 2246 407 2297 Protinus
423 2245 539 2293 invadunt
553 2243 665 2291 Numidae
681 2242 733 2291 sine
747 2241 843 2291 vindice
858 2256 962 2306 regnum
975 2258 987 2301 3

332 2318 364 2368 Et
379 2318 471 2384 potitur
486 2316 555 2382 capti
570 2316 672 2364 Maurus
688 2314 757 2363 larba
771 2314 853 2376 domo.

269 2393 349 2459 Seque
359 2407 450 2441 memor
459 2390 563 2455 spretum
574 2420 582 2447 ,
591 2386 717 2437 Thalamis
725 2397 816 2443 tamen,
827 2382 914 2449 inquit,
925 2384 1013 2437 Eliss'ae

333 2462 369 2513 En
384 2480 449 2531 ego,
468 2476 539 2528 quem
553 2460 629 2510 toties
643 2458 732 2525 repulit
745 2458 804 2513 illa,
818 2457 895 2507 fruor.

237 2554 248 2603 5
255 2554 267 2601 5
274 2553 288 2602 5
299 2535 435 2605 Diffugiunt
446 2534 531 2601 Tyrii,
543 2533 591 2599 qud
601 2548 719 2599 quemque
730 2531 781 2598 agit
790 2547 859 2581 error
872 2544 879 2578 :
891 2543 919 2581 ut
931 2532 994 2583 otim

333 2608 421 2659 Amisso
439 2608 516 2658 duhiae
532 2623 590 2675 rege
608 2617 725 2673 vagantur
741 2621 809 2669 apes.
968 2596 973 2605 ⁸

295 2681 380 2733 Tertia
396 2681 517 2732 nudandas
534 2692 666 2747 acceperat
678 2694 735 2729 area
751 2676 855 2737 messes,

333 2755 411 2821 Inque
429 2752 502 2804 cavos
516 2753 596 2803 ierant
611 2753 682 2803 tertia
696 2750 769 2801 musta
784 2753 870 2810 lacus3

267 2886 271 2897 ,
297 2828 397 2879 Pellitur
409 2827 478 2879 Anna
494 2828 584 2887 domo,
600 2828 781 2892 lacrymansque
797 2826 887 2876 sororia
902 2822 998 2891 linquit

237 2903 288 2967 560
335 2901 428 2953 Moenia
439 2918 446 2953 t
459 2916 578 2969 germane
595 2897 654 2964 justa
670 2897 710 2949 dat
724 2912 780 2949 aute
795 2899 851 2949 suae.

296 2975 376 3026 Mixto
393 2974 477 3025 bibunt
492 2976 578 3023 molles
595 2972 707 3039 lacrymis
721 2986 843 3041 unguenta
859 2971 970 3028 faviltae,

255 3058 259 3065 ’
333 3048 435 3127 Vertite
452 3048 537 3099 libatas
554 3046 725 3115 accipiuntque
742 3063 835 3100 comas·
