2367 3942
287 415 362 489 320
404 396 446 464 P.
474 394 672 477 Ommr
694 396 936 467 NAnouis

286 516 341 565 Nec
353 514 411 565 mibi
425 514 559 577 succense,
577 515 653 565 toties
666 515 687 563 si
703 514 808 565 carmine
826 516 931 575 nostro,

244 600 279 651 90
328 586 404 651 Quod
420 586 499 647 sacis,
515 599 543 639 ut
559 588 634 639 facias
643 620 654 645 ‚
669 599 744 654 teque
757 588 852 639 imitere
865 623 872 648 ‚
891 606 966 658 rogo.

286 661 401 713 Fortibus
414 660 514 713 assuevit
530 662 631 713 tubicen
645 658 776 727 prodeffar
793 661 886 728 suoque

254 752 258 761 ·
323 733 384 785 Dux
398 736 461 785 bene
479 745 613 802 pugnantes
629 733 775 785 incitatore
791 734 867 784 viros.

287 807 354 856 Nota
365 819 406 857 tua
417 806 450 859 est
460 808 567 873 probitas
579 841 586 867 ,
604 806 737 873 testataque
748 819 842 872 tempus
853 808 880 858 in
890 824 963 858 omne
975 825 987 858 τ

262 934 265 941 ,
324 872 361 929 Sit
374 880 451 931 virtus
467 882 538 933 etiam
553 896 603 931 non
619 880 740 945 probitate
756 879 843 929 minor.

243 966 275 1017 95
289 953 347 1003 Non
361 952 406 1002 tibi
422 954 552 1005 Amazonia
567 953 601 1005 est
615 969 661 1018 pro
672 968 711 1003 me
727 951 840 1003 sumenda
856 952 968 1013 securis,

244 1057 266 1081 r·
326 1024 377 1077 Aut
392 1026 469 1079 excisa
483 1027 536 1077 levi
547 1028 615 1092 pei·
630 1025 736 1094 gerenda
751 1043 831 1076 manu.

289 1100 387 1152 Numen
397 1100 544 1151 adorandum
555 1099 588 1151 est
599 1116 608 1157 ι
625 1115 675 1150 non
685 1111 712 1148 ut
721 1098 779 1148 mihi
789 1097 832 1149 siat
841 1100 946 1149 amicum
957 1133 972 1160 ,

325 1172 375 1222 Sed
390 1173 421 1223 sit
437 1186 464 1223 ut
479 1174 565 1223 iratum
575 1164 671 1239 ,'qudm
686 1172 733 1221 suit
747 1184 822 1231 ante,
837 1171 930 1223 mimis.

249 1304 251 1309 ,
290 1244 375 1298 Gratia
391 1247 412 1295 si
428 1247 493 1297 uuila
508 1246 542 1296 est
551 1278 560 1306 ,
578 1248 691 1314 lacrymae
706 1245 753 1294 tibi
766 1245 843 1312 gratia
859 1244 931 1296 fient.

228 1330 279 1369 100
328 1318 382 1367 Hac
395 1330 487 1385 potes,
504 1332 545 1369 aut
559 1318 643 1378 nunt,
662 1330 730 1385 parte
744 1334 844 1367 movere
856 1319 941 1369 Deos.

289 1389 352 1454 Quae
363 1392 408 1443 tibi
417 1410 448 1443 ne
461 1392 540 1443 desint
551 1426 559 1451 ,
571 1390 635 1441 bene
645 1408 690 1458 per
699 1392 760 1440 maia
770 1390 849 1441 nostra
862 1390 987 1442 cavetur(-

325 1463 420 1531 Meque
436 1466 509 1524 viro,
527 1465 601 1516 flendi
616 1466 686 1531 copia
702 1464 771 1515 dives
785 1463 859 1514 adest.

289 1538 373 1603 thue
384 1554 444 1589 mere
456 1555 496 1589 res
507 1539 560 1589 sunt
572 1556 582 1597 ι
600 1538 664 1587 omni
675 1570 683 1595 ‚
700 1548 760 1603 puto
772 1570 780 1595 ‚
796 1550 909 1603 tempore
921 1537 1002 1587 flebis.

326 1610 378 1661 Has
391 1612 498 1663 Fortuna
511 1612 555 1662 tibi
573 1610 651 1661 nostra
666 1609 780 1661 ministrat
795 1627 865 1676 opes.

229 1696 261 1734 ιο
266 1695 278 1747 5
292 1681 317 1733 si
328 1699 380 1736 mea
390 1700 459 1736 mors
466 1685 604 1736 redimenda
615 1683 657 1733 tui
668 1684 754 1749 equod
763 1684 891 1733 abominor
902 1717 910 1744 ,
922 1681 981 1735 effer
992 1715 1003 1743 ι
1079 1747 1080 1754 ¹

327 1755 426 1807 Admeti
441 1756 548 1823 conjux,
568 1752 639 1823 quam
654 1756 810 1821 sequereris,
829 1770 892 1806 erat.

288 1824 385 1878 AEmuia
401 1827 538 1895 Penelopes
554 1828 646 1887 fieres,
663 1829 685 1878 si
699 1829 784 1878 fraude
800 1829 889 1895 pudici

326 1899 442 1953 instantes
456 1904 533 1961 valles
550 1901 637 1952 fallere
655 1913 730 1966 nupta
744 1917 845 1966 procos.

289 1974 315 2023 Si
333 1989 414 2026 comes
430 1971 537 2026 exstitisti
551 1974 641 2027 Manes
658 1973 787 2041 sequerere
802 1973 906 2031 mariti,

230 2061 280 2097 110
327 2046 392 2099 Effer
407 2048 456 2099 dux
472 2049 527 2101 fasti
539 2048 668 2099 Laodamia
683 2048 730 2099 tui.

291 2119 372 2187 lphias
385 2135 442 2173 ante
457 2125 543 2173 oculos
559 2122 604 2172 tibi
621 2131 674 2171 erat
688 2120 820 2187 ponenda,
835 2120 931 2171 volenti

328 2194 424 2259 Corpus
440 2196 465 2245 in
482 2195 597 2247 accensos
610 2195 705 2244 mittere
722 2194 786 2244 forte
800 2210 886 2261 rogos.

290 2266 333 2315 Nil
350 2283 410 2333 opus
426 2268 459 2317 est
476 2269 548 2327 leto,
565 2268 599 2317 nil
615 2267 745 2319 Icariotide
762 2267 829 2319 teli:
935 2302 940 2311 ·

327 2338 427 2391 Caesaris
442 2353 467 2391 at
483 2339 574 2407 conjux
591 2357 635 2390 ore
652 2340 772 2406 precanda
789 2353 844 2391 tuo.

231 2425 260 2461 ιι
266 2426 278 2473 5
293 2411 355 2477 Quae
371 2412 467 2479 praestat
482 2414 573 2463 virtute
590 2413 649 2471 sub,
666 2430 698 2463 ne
714 2413 791 2480 prisca
805 2410 913 2464 vetustas

273 2500 275 2505 ·
327 2484 408 2533 Laude
422 2486 544 2550 pudicitiae
560 2486 640 2535 secula
654 2484 732 2535 nostra
746 2498 848 2551 premat.

291 2556 355 2621 Quae
365 2556 471 2609 Veneris
483 2558 583 2609 formam
597 2592 605 2615 ,
617 2575 699 2609 mores
709 2558 812 2612 Iunonis
823 2558 934 2609 habendo
947 2591 955 2618 ,

330 2630 387 2681 Sola
403 2630 436 2679 est
455 2631 548 2683 coelesti
562 2632 634 2701 digna
650 2644 746 2698 reperta
762 2643 829 2681 toro.

292 2702 358 2767 Quid
369 2704 475 2769 trepidas
485 2703 496 2753 i
506 2705 562 2771 quid
573 2706 639 2756 adire
649 2702 737 2756 times?
747 2720 797 2753 non
807 2704 879 2768 impia
889 2702 1004 2773 Progne,

232 2789 283 2825 120
332 2776 422 2826 Filiave
438 2776 520 2829 AEetae
536 2793 601 2829 voce
617 2779 736 2827 movenda
752 2776 795 2826 tub
811 2776 866 2826 est:

250 2880 253 2887 ι
291 2849 345 2899 Nec
356 2867 429 2899 nurus
440 2850 542 2919 AEgypti
555 2883 562 2909 ,
581 2866 626 2899 nec
638 2850 699 2898 saeva
709 2850 898 2915 Agamemnonis
910 2866 972 2901 uxor
981 2880 996 2909 μ

327 2922 459 2990 Scyllave,
478 2942 531 2991 quar
547 2923 639 2972 Siculas
654 2922 752 2989 inguine
768 2934 845 2973 terret
862 2939 934 2989 aquas
947 2939 957 2975 s

290 2994 444 3061 Telegonive
458 3013 544 3061 parens
557 2995 681 3045 vertendis
696 3007 751 3045 nata
764 2993 846 3063 figuris
860 3028 874 3053 ›-.

326 3068 429 3121 nexare
445 3069 549 3122 nodosas
567 3085 646 3139 angue
659 3068 762 3122 Medusa
780 3085 873 3122 comas·
