2367 3942
283 439 582 509 ansrrvna
608 440 768 512 ΗΜ.
824 394 899 535 169¹

187 562 217 613 Et
231 557 333 611 voluiffe
347 557 429 613 mori3
449 556 476 605 dt
493 556 619 606 moriendo
638 573 729 621 ponere
746 558 848 615 sensus:
953 558 967 575 ⁹

221 630 390 699 Respedtuque
406 642 487 679 tamen
502 647 551 680 non
567 629 667 695 poiiiise
683 631 741 680 mei.
911 649 959 685 100

187 708 281 761 Vivat:
295 705 322 755 ὃ(
336 702 477 760 absentem,
496 704 607 767 quoniam
626 703 661 752 sic
676 702 725 753 iata
741 707 868 766 tulerunt,

223 780 321 834 Vivat,
336 776 361 826 dt
376 775 465 825 auxilio
481 775 591 825 sublevet
609 792 685 841 usque
701 776 753 827 suo.

189 851 301 918 Tingitur
319 849 425 899 Oceano
440 848 518 898 custos
534 848 720 919 Erymanthidos
738 851 805 901 Ursae
818 884 825 910 ,

224 923 410 991 AEquoreasque
428 920 470 970 suo
484 922 563 970 sidere
579 922 660 970 turbat
676 938 748 988 aquas
761 940 770 981 ς

190 999 240 1049 Nos
254 1010 337 1047 tamen
357 995 451 1052 lonium
467 1011 516 1043 non
532 994 611 1043 nostri
627 993 737 1045 findimus
753 1012 836 1063 aequor
912 1014 960 1062 105

224 1072 319 1136 Sponte
332 1084 341 1126 ς
361 1067 401 1117 sed
414 1068 518 1118 audaces
533 1068 644 1133 cogimur
659 1066 705 1117 effe
722 1082 797 1119 metu.

190 1143 232 1194 Me
250 1142 361 1193 miserum
374 1141 381 1189 !
394 1140 488 1206 quantis
504 1140 640 1190 increscunt
656 1158 753 1206 aequora
771 1140 872 1193 ventis!
911 1156 915 1168 ¹

140 1257 143 1265 .
224 1216 349 1280 Erutaque
366 1229 397 1261 cx
412 1214 464 1263 imis
481 1214 562 1263 servet
576 1230 649 1263 arena
667 1214 756 1264 vadis!

192 1288 277 1339 Monte
293 1303 340 1337 nec
360 1286 477 1349 inferior,
494 1303 572 1352 prorae
589 1285 710 1352 puppique
727 1303 835 1338 recurvae

224 1361 322 1419 insilit,
343 1358 369 1409 ἃ
387 1359 464 1423 pistos
480 1361 595 1409 verberat
611 1360 672 1408 unda
690 1359 770 1409 Deos.
911 1376 961 1412 rto

193 1433 261 1485 Pinea
279 1446 349 1483 texta
366 1431 451 1482 sonant
463 1447 471 1482 t
481 1434 542 1497 pulsi
557 1432 657 1481 stridore
672 1432 809 1490 rudentem

225 1499 339 1575 liggemit
356 1504 382 1555 ὅ(
399 1504 485 1554 nostris
501 1505 550 1569 ipsa
566 1505 645 1553 carina
659 1505 736 1554 malis.

192 1580 296 1638 Navita,
316 1577 437 1629 confessus
453 1577 536 1644 gelido
551 1578 644 1641 pallore
660 1578 789 1636 timorem,

224 1653 276 1704 Jarn
292 1650 401 1718 sequitur
418 1650 524 1707 vittam,
541 1666 590 1699 non
608 1648 671 1717 regit
687 1661 758 1709 arte,
777 1661 862 1701 ratem.

125 1760 128 1769 .
192 1726 271 1790 thue
287 1741 371 1791 parum
389 1723 483 1773 validus
497 1738 547 1773 non
564 1720 715 1788 proficientia
734 1723 812 1774 ratior
903 1741 959 1787 ,115

225 1798 336 1847 Cervicis
352 1796 435 1863 rigida·
451 1796 519 1846 frena
534 1796 638 1845 remittit
656 1810 741 1861 equo;

192 1871 247 1929 sic,
266 1887 316 1920 non
328 1868 376 1936 qud
388 1870 485 1927 voluit,
505 1869 546 1919 sed
559 1867 607 1934 qud
620 1870 684 1934 rapit
697 1869 803 1935 impetus
816 1870 905 1929 undae,

225 1943 341 2010 Aurigam
357 1943 430 1992 video
447 1943 501 1991 vela
519 1940 606 1991 dediffe
623 1942 679 1991 rati.

191 2016 263 2081 Quod
280 2016 328 2065 nisi
343 2027 444 2065 mutatas
461 2015 565 2065 emiserit
579 2013 666 2064 AEolus
681 2030 770 2074 auras,

225 2089 253 2139 In
271 2090 327 2138 loca
344 2087 392 2152 jam
407 2089 475 2139 nobis
492 2081 541 2139 non
559 2074 669 2137 adeunda
684 2088 757 2136 ferar.
913 2103 961 2138 12o

190 2164 249 2212 Nam
265 2161 372 2227 procul,
390 2160 493 2228 illyricis
509 2159 569 2210 laevi
587 2160 618 2208 de
634 2171 703 2225 parte
719 2157 826 2220 relictis,
842 2194 845 2201 =

205 2254 207 2258 ¹
225 2233 357 2285 interditia
371 2234 428 2284 mihi
444 2234 551 2284 cernitur
568 2234 647 2282 italia.

191 2307 295 2357 Desinat
311 2308 337 2356 iu
355 2308 463 2364 vetitas,
478 2306 579 2373 quaeso,
598 2306 747 2355 contendere
766 2318 861 2365 terras,

225 2380 257 2430 Et
275 2396 370 2429 mecum
386 2396 473 2447 magno
490 2390 573 2445 pareat
590 2395 648 2429 aura
665 2379 734 2427 Deo.

190 2453 256 2502 Dum
268 2454 356 2518 loquor
367 2484 375 2509 ,
388 2452 414 2503 &
425 2452 497 2519 cupio
507 2453 597 2519 pariter
608 2452 731 2519 timeoque
740 2450 826 2501 revelli
837 2483 846 2511 ,
910 2464 940 2501 12
947 2466 958 2514 5

225 2526 352 2590 Increpuit
367 2526 461 2590 quantis
476 2527 566 2575 viribus
580 2525 643 2575 unda
659 2524 740 2575 latus!

190 2596 306 2654 Parcite,
322 2598 444 2656 cerulei,
461 2615 507 2649 vos
521 2599 634 2664 parcite,
653 2598 747 2647 numina
766 2596 856 2662 ponti;
930 2632 934 2639 .

226 2668 390 2736 infestumque
405 2672 464 2722 mihi
481 2672 513 2721 sit
531 2670 586 2720 satis
604 2670 650 2719 esse
668 2670 764 2723 Jovem.

190 2742 245 2795 Vos
264 2742 365 2791 animam
382 2742 450 2795 saevae
466 2742 546 2794 feffam
561 2742 684 2793 subducite
700 2742 793 2799 morti3

226 2812 363 2875 simodo,
382 2817 423 2885 qui
441 2818 532 2885 periit,
549 2832 599 2866 uon
617 2816 712 2882 periiffe
729 2812 817 2881 potest.
912 2825 962 2878 ηρ

499 2978 659 3092 *W

257 3194 345 3247 Tomos
364 3191 436 3247 111.
493 3163 495 3168 Ι
