2367 3942
265 450 577 519 FAsronvrr
604 447 711 518 Lra.
741 447 804 517 II.
854 469 904 544 43

184 568 255 620 Nam
266 586 327 637 puer
337 570 447 635 impubes
459 601 466 626 ‚
486 569 512 619 dt
523 568 601 617 adhuc
611 584 661 617 non
670 569 736 619 utilis
746 570 820 619 armis
832 602 840 630 ,

230 643 300 693 Unus
316 644 346 692 de
358 642 432 692 Fabib
444 654 516 709 gente
527 642 624 691 relistus
639 653 700 692 erat.
915 659 968 705 ²40
1046 629 1048 686 ζ

185 715 294 767 Scilicet
309 727 338 766 ut
353 715 431 781 posses
444 717 558 771 olim‘tu,
577 715 705 773 Maxime,
724 716 808 776 nasci;

230 788 281 837 Cui
293 804 333 839 res
348 789 481 838 tundendo
492 788 639 837 restituenda
652 788 727 838 soret.
909 811 912 818 ⁴

187 860 432 912 CONTsNUATA
444 864 500 911 loco
510 863 555 911 tria
567 861 647 911 sidera
657 878 664 911 ε
676 861 773 913 Corvus
785 862 812 915 bt
822 861 935 933 Anguis,

226 934 261 983 Et
272 934 366 984 medius
378 934 464 985 Crater
474 936 536 985 inter
549 946 679 1001 utrumque
690 934 767 1000 jacet.

184 1007 276 1058 Idibus
287 1008 327 1057 illa
339 1010 432 1067 latent,
450 1009 562 1059 oriuntur
574 1007 645 1058 noste
657 1008 776 1074 sequenti.
915 1024 950 1071 24
955 1024 967 1072 5

227 1080 294 1145 Quae
307 1082 350 1131 sibi
363 1098 405 1132 cur
415 1082 461 1131 tria
477 1083 524 1132 sint
537 1081 674 1131 consociata
685 1098 806 1146 ,lernam

186 1152 265 1207 Forte
274 1154 331 1206 Jovi
344 1156 428 1223 festum
438 1154 544 1205 Phoebus
558 1155 674 1205 sollemne
685 1158 783 1221 parabat
794 1171 805 1215 t

224 1228 284 1277 Non
296 1228 370 1279 saciet
381 1230 466 1296 longas
479 1228 558 1279 sabula
572 1228 650 1278 nosira
661 1245 751 1279 rnoras.

184 1300 197 1350 1
210 1317 283 1359 mea,
302 1302 382 1360 dixit,
400 1304 451 1352 avis
463 1334 471 1358 ‚
489 1318 520 1351 ne
534 1302 590 1368 quid
604 1302 644 1367 pia
655 1301 721 1351 sacra
729 1313 838 1355 moretur
849 1316 860 1360 ς

223 1373 257 1423 Et
272 1386 371 1424 tenuem
385 1375 448 1423 vivis
460 1375 566 1423 sontibus
577 1372 638 1424 affer
652 1391 747 1440 aquarn.
915 1388 931 1423 2
935 1388 968 1435 50

185 1444 285 1496 Corvus
297 1448 431 1497 inauratum
444 1448 543 1511 pedibus
555 1458 647 1496 cratera
658 1448 769 1497 recurvis

223 1520 322 1571 Tollit,
343 1520 369 1569 δι
383 1520 474 1569 a'e'riurn
488 1520 601 1583 pervolat
615 1520 677 1567 altus
691 1519 750 1568 iter.

185 1591 276 1642 Stabat
290 1592 370 1641 adhuc
385 1592 450 1640 duris
461 1589 521 1639 sicus
533 1591 672 1639 densissima
683 1592 777 1657 pomist

226 1664 321 1715 Tentat
332 1681 384 1713 earn
395 1662 472 1713 rostro
483 1678 490 1713 t
504 1680 553 1713 non
567 1676 619 1713 erat
629 1675 684 1729 apta
695 1665 753 1732 legi.

186 1737 321 1788 immernor
332 1737 427 1803 imperii
439 1736 520 1787 sedisse
535 1738 576 1787 sub
589 1738 676 1787 arbore
685 1738 782 1798 fertur,
911 1752 963 1802 255

224 1810 291 1860 Dum
301 1809 389 1860 fierent
402 1810 470 1861 tardd
484 1811 561 1860 dulcia
572 1828 644 1878 ponta
655 1811 732 1861 mors.
745 1836 748 1841 ·

187 1882 288 1949 Jamque
300 1884 364 1934 satur
374 1885 447 1951 nigris
458 1886 555 1952 longum
566 1885 631 1951 rapit
640 1885 761 1953 unguibus
770 1884 891 1951 hydrunt,

224 1956 263 2005 Ad
274 1957 445 2025 dominumque
459 1960 522 2007 redit
532 1974 540 2016 3
557 1956 658 2023 fissaque
669 1960 745 2008 verba
756 1960 832 2008 refert
845 1975 854 2016 ;

188 2026 235 2077 Hic
245 2030 303 2078 mihi
313 2031 384 2079 causa
394 2047 469 2079 morae
479 2032 586 2079 vivarum
599 2029 704 2079 obsessor
713 2047 826 2096 aquarum
836 2048 846 2088 3

224 2101 275 2150 Hic
287 2104 369 2151 tenuit
382 2102 464 2151 sontes
477 2100 630 2167 officiumque
643 2118 733 2153 meum.
907 2103 959 2154 ado

190 2172 265 2223 Addis
276 2206 284 2230 ‚
300 2174 354 2237 ait,
369 2175 446 2239 culpae
457 2174 581 2223 mendicia
592 2208 600 2233 ,
618 2172 745 2224 Phoebus?
763 2174 874 2226 &audes

225 2246 357 2297 fatidicum
369 2247 448 2297 verbis
460 2247 545 2297 fallere
555 2249 625 2299 velle·
633 2248 714 2298 Deum
724 2244 735 2298 s
781 2264 786 2273 ·

191 2320 224 2368 At
233 2320 291 2379 tibi,
312 2321 369 2370 dum
379 2320 467 2371 labens
481 2321 583 2372 baerebit
595 2321 619 2371 in
633 2323 720 2372 arbore
734 2320 814 2382 situs,

226 2392 267 2442 De'
276 2394 344 2443 nullo
358 2394 445 2461 geiidae
460 2395 529 2443 sonte
540 2396 652 2444 bibantur
663 2412 739 2460 aquae.

121 2492 122 2518 r
194 2462 257 2514 Dixit
267 2482 276 2515 t
287 2467 314 2517 δι
326 2501 333 2525 ,
350 2468 441 2534 antiqui
451 2480 604 2517 monumenta
614 2469 729 2533 perennia
740 2467 794 2518 satii
805 2500 814 2526 ,
907 2470 940 2518 26
946 2484 958 2532 5

228 2538 316 2606 Anguis
327 2576 333 2599 ,
350 2540 428 2597 Avis,
447 2540 553 2598 Crater,
569 2541 646 2590 sidera
658 2540 737 2606 junsia
751 2541 849 2593 micant,

195 2608 342 2661 TERTrA
358 2612 410 2679 post
423 2614 478 2662 ldus
491 2615 567 2663 nudos
580 2614 674 2665 Aurora
685 2614 810 2680 Lupercos

227 2683 314 2750 Aspicit
327 2702 334 2735 t
348 2688 373 2736 &
385 2687 459 2735 Fauni
471 2687 536 2735 sacra
547 2687 653 2737 bicornis
666 2700 734 2737 eunt.

196 2755 291 2816 Dicite,
306 2758 433 2818 Pierides,
451 2760 569 2809 sacrorum
585 2777 638 2826 quae
654 2760 686 2809 sit
699 2760 789 2828 origo;

229 2830 357 2897 Attigerint
366 2832 446 2882 Latias
457 2832 521 2881 uude
532 2834 607 2897 petita
617 2834 712 2883 domos.
907 2844 960 2892 270

198 2900 254 2951 Pana
267 2936 274 2961 ,
290 2904 369 2953 Deum
380 2906 494 2971 pecoris,
511 2919 610 2956 veteres
623 2905 721 2955 coluisse
732 2906 844 2954 feruntur

230 2977 332 3026 Arcades
344 2978 470 3029 :Arcadiis
483 2980 598 3045 plurimus
613 2980 655 3027 ssle
668 2977 741 3041 jugis.

199 3046 268 3099 'sestis
279 3049 325 3098 erit
338 3048 448 3111 Phoros,
466 3053 537 3103 testes
547 3050 726 3127 Stymphalides
740 3049 810 3097 undae
823 3064 832 3105 ;

230 3120 323 3190 Quique
337 3123 391 3175 citis
402 3124 485 3177 Ladon
493 3128 519 3177 iu
533 3142 600 3176 mare
611 3123 689 3173 currit
702 3122 767 3186 aquis
778 3138 787 3177 ;
