<?xml version="1.0" encoding="UTF-8"?>
<!DOCTYPE html PUBLIC "-//W3C//DTD XHTML 1.0 Transitional//EN"
    "http://www.w3.org/TR/xhtml1/DTD/xhtml1-transitional.dtd">
<html xmlns="http://www.w3.org/1999/xhtml" xml:lang="en" lang="en">
 <head>
  <title>
</title>
<meta http-equiv="Content-Type" content="text/html;charset=utf-8" />
  <meta name='ocr-system' content='tesseract 3.04.00' />
  <meta name='ocr-capabilities' content='ocr_page ocr_carea ocr_par ocr_line ocrx_word'/>
</head>
<body>
  <div class='ocr_page' id='page_1' title='image "./povidiinasoniso01heingoog_0331.png"; bbox 0 0 2367 3942; ppageno 0'>
   <div class='ocr_carea' id='block_1_1' title="bbox 307 368 959 513">
    <p class='ocr_par' dir='ltr' id='par_1_1' title="bbox 307 368 959 513">
     <span class='ocr_line' id='line_1_1' title="bbox 307 368 959 513; baseline -0.006 -23"><span class='ocrx_word' id='word_1_1' title='bbox 307 436 382 513; x_wconf 84' lang='lat'>330</span> <span class='ocrx_word' id='word_1_2' title='bbox 430 416 473 484; x_wconf 87' lang='lat' dir='ltr'>P.</span> <span class='ocrx_word' id='word_1_3' title='bbox 502 368 699 485; x_wconf 74' lang='lat' dir='ltr'>Orrnrr</span> <span class='ocrx_word' id='word_1_4' title='bbox 723 415 959 487; x_wconf 66' lang='lat' dir='ltr'>Naroma</span> 
     </span>
    </p>
   </div>
   <div class='ocr_carea' id='block_1_2' title="bbox 267 533 1026 1479">
    <p class='ocr_par' dir='ltr' id='par_1_2' title="bbox 267 533 1026 1479">
     <span class='ocr_line' id='line_1_2' title="bbox 304 533 965 603; baseline -0.005 -13"><span class='ocrx_word' id='word_1_5' title='bbox 304 540 354 593; x_wconf 83' lang='lat' dir='ltr'>Vix</span> <span class='ocrx_word' id='word_1_6' title='bbox 370 539 435 587; x_wconf 79' lang='lat' dir='ltr'>bona</span> <span class='ocrx_word' id='word_1_7' title='bbox 449 534 502 603; x_wconf 83' lang='lat' dir='ltr'>post</span> <span class='ocrx_word' id='word_1_8' title='bbox 518 547 587 586; x_wconf 83' lang='lat' dir='ltr'>tanto</span> <span class='ocrx_word' id='word_1_9' title='bbox 602 534 722 602; x_wconf 69' lang='lat' dir='ltr'>quarenti</span> <span class='ocrx_word' id='word_1_10' title='bbox 738 534 813 583; x_wconf 85' lang='lat' dir='ltr'>verba</span> <span class='ocrx_word' id='word_1_11' title='bbox 829 533 965 587; x_wconf 73' lang='lat' dir='ltr'>subibant:</span> 
     </span>
     <span class='ocr_line' id='line_1_3' title="bbox 343 607 964 679; baseline -0.006 -18"><span class='ocrx_word' id='word_1_12' title='bbox 343 612 374 661; x_wconf 87' lang='lat' dir='ltr'>Et</span> <span class='ocrx_word' id='word_1_13' title='bbox 391 611 497 679; x_wconf 82' lang='lat' dir='ltr'>gaudere</span> <span class='ocrx_word' id='word_1_14' title='bbox 512 609 621 675; x_wconf 85' lang='lat' dir='ltr'>aliquid,</span> <span class='ocrx_word' id='word_1_15' title='bbox 640 624 680 658; x_wconf 82' lang='lat' dir='ltr'>res</span> <span class='ocrx_word' id='word_1_16' title='bbox 697 607 756 656; x_wconf 84' lang='lat' dir='ltr'>mibi</span> <span class='ocrx_word' id='word_1_17' title='bbox 769 607 818 657; x_wconf 78' lang='lat' dir='ltr'>viia</span> <span class='ocrx_word' id='word_1_18' title='bbox 834 623 900 657; x_wconf 83' lang='lat' dir='ltr'>nora</span> <span class='ocrx_word' id='word_1_19' title='bbox 914 608 964 662; x_wconf 80' lang='lat' dir='ltr'>est.</span> 
     </span>
     <span class='ocr_line' id='line_1_4' title="bbox 307 680 923 751; baseline -0.011 -14"><span class='ocrx_word' id='word_1_20' title='bbox 307 685 391 751; x_wconf 87' lang='lat' dir='ltr'>thue</span> <span class='ocrx_word' id='word_1_21' title='bbox 407 684 566 735; x_wconf 80' lang='lat' dir='ltr'>reformidant</span> <span class='ocrx_word' id='word_1_22' title='bbox 579 681 698 731; x_wconf 81' lang='lat' dir='ltr'>insuetum</span> <span class='ocrx_word' id='word_1_23' title='bbox 712 680 801 730; x_wconf 82' lang='lat' dir='ltr'>lumina</span> <span class='ocrx_word' id='word_1_24' title='bbox 818 680 923 741; x_wconf 88' lang='lat' dir='ltr'>Solem,</span> 
     </span>
     <span class='ocr_line' id='line_1_5' title="bbox 267 753 885 821; baseline -0.008 -13"><span class='ocrx_word' id='word_1_25' title='bbox 267 774 299 821; x_wconf 85' lang='lat'>50</span> <span class='ocrx_word' id='word_1_26' title='bbox 346 757 385 808; x_wconf 85' lang='lat' dir='ltr'>Sic</span> <span class='ocrx_word' id='word_1_27' title='bbox 402 756 432 807; x_wconf 93' lang='lat' dir='ltr'>ad</span> <span class='ocrx_word' id='word_1_28' title='bbox 448 756 556 807; x_wconf 75' lang='lat' dir='ltr'>letitiam</span> <span class='ocrx_word' id='word_1_29' title='bbox 572 771 640 805; x_wconf 81' lang='lat' dir='ltr'>mens</span> <span class='ocrx_word' id='word_1_30' title='bbox 656 770 710 803; x_wconf 83' lang='lat' dir='ltr'>mea</span> <span class='ocrx_word' id='word_1_31' title='bbox 725 753 805 821; x_wconf 76' lang='lat' dir='ltr'>segnis</span> <span class='ocrx_word' id='word_1_32' title='bbox 821 766 885 804; x_wconf 88' lang='lat' dir='ltr'>erat.</span> 
     </span>
     <span class='ocr_line' id='line_1_6' title="bbox 308 826 989 897; baseline -0.004 -16"><span class='ocrx_word' id='word_1_33' title='bbox 308 829 347 881; x_wconf 80' lang='lat' dir='ltr'>Est</span> <span class='ocrx_word' id='word_1_34' title='bbox 364 846 462 897; x_wconf 88' lang='lat' dir='ltr'>quoque</span> <span class='ocrx_word' id='word_1_35' title='bbox 476 829 616 879; x_wconf 67' lang='lat' dir='ltr'>cundarum</span> <span class='ocrx_word' id='word_1_36' title='bbox 630 828 727 877; x_wconf 77' lang='lat' dir='ltr'>novitas</span> <span class='ocrx_word' id='word_1_37' title='bbox 744 826 866 876; x_wconf 83' lang='lat' dir='ltr'>carissima</span> <span class='ocrx_word' id='word_1_38' title='bbox 881 844 989 879; x_wconf 87' lang='lat' dir='ltr'>rerum:</span> 
     </span>
     <span class='ocr_line' id='line_1_7' title="bbox 346 900 973 971; baseline -0.005 -17"><span class='ocrx_word' id='word_1_39' title='bbox 346 901 480 971; x_wconf 86' lang='lat' dir='ltr'>Gratiaque</span> <span class='ocrx_word' id='word_1_40' title='bbox 497 900 598 961; x_wconf 86' lang='lat' dir='ltr'>officio,</span> <span class='ocrx_word' id='word_1_41' title='bbox 614 901 680 968; x_wconf 86' lang='lat' dir='ltr'>quod</span> <span class='ocrx_word' id='word_1_42' title='bbox 692 916 760 950; x_wconf 84' lang='lat' dir='ltr'>mora</span> <span class='ocrx_word' id='word_1_43' title='bbox 776 900 876 958; x_wconf 78' lang='lat' dir='ltr'>tardat,</span> <span class='ocrx_word' id='word_1_44' title='bbox 894 900 973 951; x_wconf 78' lang='lat' dir='ltr'>abest.</span> 
     </span>
     <span class='ocr_line' id='line_1_8' title="bbox 311 972 972 1041; baseline -0.008 -14"><span class='ocrx_word' id='word_1_45' title='bbox 311 976 422 1035; x_wconf 80' lang='lat' dir='ltr'>Cetera,</span> <span class='ocrx_word' id='word_1_46' title='bbox 443 976 553 1027; x_wconf 77' lang='lat' dir='ltr'>certatim</span> <span class='ocrx_word' id='word_1_47' title='bbox 570 976 602 1024; x_wconf 86' lang='lat' dir='ltr'>de</span> <span class='ocrx_word' id='word_1_48' title='bbox 619 989 706 1041; x_wconf 80' lang='lat' dir='ltr'>magno</span> <span class='ocrx_word' id='word_1_49' title='bbox 722 972 808 1038; x_wconf 84' lang='lat' dir='ltr'>scripta</span> <span class='ocrx_word' id='word_1_50' title='bbox 822 974 972 1041; x_wconf 85' lang='lat' dir='ltr'>triumpho,</span> 
     </span>
     <span class='ocr_line' id='line_1_9' title="bbox 344 1046 857 1117; baseline -0.01 -16"><span class='ocrx_word' id='word_1_51' title='bbox 344 1050 396 1103; x_wconf 83' lang='lat' dir='ltr'>Jam</span> <span class='ocrx_word' id='word_1_52' title='bbox 410 1050 502 1117; x_wconf 85' lang='lat' dir='ltr'>pridem</span> <span class='ocrx_word' id='word_1_53' title='bbox 517 1050 602 1116; x_wconf 89' lang='lat' dir='ltr'>populi</span> <span class='ocrx_word' id='word_1_54' title='bbox 616 1046 722 1113; x_wconf 79' lang='lat' dir='ltr'>suspicor</span> <span class='ocrx_word' id='word_1_55' title='bbox 736 1062 782 1096; x_wconf 87' lang='lat' dir='ltr'>ore</span> <span class='ocrx_word' id='word_1_56' title='bbox 799 1046 857 1114; x_wconf 80' lang='lat' dir='ltr'>legi.</span> 
     </span>
     <span class='ocr_line' id='line_1_10' title="bbox 269 1120 937 1187; baseline -0.006 -13"><span class='ocrx_word' id='word_1_57' title='bbox 269 1138 280 1186; x_wconf 87' lang='lat'>5</span> <span class='ocrx_word' id='word_1_58' title='bbox 287 1138 299 1187; x_wconf 79' lang='lat'><em>5</em></span> <span class='ocrx_word' id='word_1_59' title='bbox 314 1124 358 1175; x_wconf 82' lang='lat' dir='ltr'>llla</span> <span class='ocrx_word' id='word_1_60' title='bbox 373 1124 433 1173; x_wconf 84' lang='lat' dir='ltr'>bibit</span> <span class='ocrx_word' id='word_1_61' title='bbox 447 1123 549 1181; x_wconf 76' lang='lat' dir='ltr'>sitiens,</span> <span class='ocrx_word' id='word_1_62' title='bbox 565 1121 642 1171; x_wconf 69' lang='lat' dir='ltr'>leftor</span> <span class='ocrx_word' id='word_1_63' title='bbox 657 1136 711 1169; x_wconf 81' lang='lat' dir='ltr'>mea</span> <span class='ocrx_word' id='word_1_64' title='bbox 724 1120 812 1185; x_wconf 85' lang='lat' dir='ltr'>pocula</span> <span class='ocrx_word' id='word_1_65' title='bbox 826 1121 937 1184; x_wconf 81' lang='lat' dir='ltr'>plenus:</span> 
     </span>
     <span class='ocr_line' id='line_1_11' title="bbox 348 1192 944 1263; baseline -0.007 -16"><span class='ocrx_word' id='word_1_66' title='bbox 348 1198 391 1247; x_wconf 85' lang='lat' dir='ltr'>llla</span> <span class='ocrx_word' id='word_1_67' title='bbox 406 1212 493 1247; x_wconf 81' lang='lat' dir='ltr'>recens</span> <span class='ocrx_word' id='word_1_68' title='bbox 509 1208 568 1263; x_wconf 89' lang='lat' dir='ltr'>pota</span> <span class='ocrx_word' id='word_1_69' title='bbox 585 1194 637 1253; x_wconf 82' lang='lat' dir='ltr'>eii,</span> <span class='ocrx_word' id='word_1_70' title='bbox 657 1192 736 1243; x_wconf 87' lang='lat' dir='ltr'>nostra</span> <span class='ocrx_word' id='word_1_71' title='bbox 751 1192 855 1257; x_wconf 85' lang='lat' dir='ltr'>tepescit</span> <span class='ocrx_word' id='word_1_72' title='bbox 869 1208 944 1259; x_wconf 81' lang='lat' dir='ltr'>aqua.</span> 
     </span>
     <span class='ocr_line' id='line_1_12' title="bbox 310 1265 916 1337; baseline -0.005 -16"><span class='ocrx_word' id='word_1_73' title='bbox 310 1270 368 1321; x_wconf 88' lang='lat' dir='ltr'>Non</span> <span class='ocrx_word' id='word_1_74' title='bbox 385 1286 433 1337; x_wconf 83' lang='lat' dir='ltr'>ego</span> <span class='ocrx_word' id='word_1_75' title='bbox 451 1268 536 1321; x_wconf 79' lang='lat' dir='ltr'>ceffavi</span> <span class='ocrx_word' id='word_1_76' title='bbox 552 1302 561 1325; x_wconf 91' lang='lat'><em>,</em></span> <span class='ocrx_word' id='word_1_77' title='bbox 576 1285 624 1317; x_wconf 86' lang='lat' dir='ltr'>nec</span> <span class='ocrx_word' id='word_1_78' title='bbox 638 1268 696 1317; x_wconf 85' lang='lat' dir='ltr'>fecit</span> <span class='ocrx_word' id='word_1_79' title='bbox 709 1266 797 1315; x_wconf 81' lang='lat' dir='ltr'>inertia</span> <span class='ocrx_word' id='word_1_80' title='bbox 813 1265 916 1318; x_wconf 80' lang='lat' dir='ltr'>serum:</span> 
     </span>
     <span class='ocr_line' id='line_1_13' title="bbox 348 1336 867 1405; baseline -0.015 -11"><span class='ocrx_word' id='word_1_81' title='bbox 348 1344 439 1394; x_wconf 85' lang='lat' dir='ltr'>Ultima</span> <span class='ocrx_word' id='word_1_82' title='bbox 455 1341 566 1405; x_wconf 74' lang='lat' dir='ltr'>rneraiii</span> <span class='ocrx_word' id='word_1_83' title='bbox 581 1336 677 1393; x_wconf 77' lang='lat' dir='ltr'>sustinet</span> <span class='ocrx_word' id='word_1_84' title='bbox 695 1356 737 1389; x_wconf 91' lang='lat' dir='ltr'>ora</span> <span class='ocrx_word' id='word_1_85' title='bbox 754 1339 821 1388; x_wconf 71' lang='lat' dir='ltr'>freti.</span> <span class='ocrx_word' id='word_1_86' title='bbox 862 1341 867 1347; x_wconf 88' lang='grc'><em>“</em></span> 
     </span>
     <span class='ocr_line' id='line_1_14' title="bbox 311 1410 1026 1479; baseline -0.006 -12"><span class='ocrx_word' id='word_1_87' title='bbox 311 1416 377 1467; x_wconf 87' lang='lat' dir='ltr'>Dum</span> <span class='ocrx_word' id='word_1_88' title='bbox 387 1416 454 1466; x_wconf 85' lang='lat' dir='ltr'>venit</span> <span class='ocrx_word' id='word_1_89' title='bbox 464 1416 511 1465; x_wconf 89' lang='lat' dir='ltr'>huc</span> <span class='ocrx_word' id='word_1_90' title='bbox 521 1430 604 1465; x_wconf 87' lang='lat' dir='ltr'>rumor</span> <span class='ocrx_word' id='word_1_91' title='bbox 616 1448 624 1472; x_wconf 92' lang='lat'>,</span> <span class='ocrx_word' id='word_1_92' title='bbox 639 1425 816 1479; x_wconf 76' lang='lat' dir='ltr'>properataque</span> <span class='ocrx_word' id='word_1_93' title='bbox 826 1410 933 1462; x_wconf 83' lang='lat' dir='ltr'>earmina</span> <span class='ocrx_word' id='word_1_94' title='bbox 946 1410 1026 1471; x_wconf 83' lang='lat' dir='ltr'>fiunt,</span> 
     </span>
    </p>
   </div>
   <div class='ocr_carea' id='block_1_3' title="bbox 159 1483 999 1555">
    <p class='ocr_par' dir='ltr' id='par_1_3' title="bbox 159 1483 999 1555">
     <span class='ocr_line' id='line_1_15' title="bbox 159 1483 999 1555; baseline -0.007 -15"><span class='ocrx_word' id='word_1_95' title='bbox 159 1492 162 1499; x_wconf 76' lang='grc'>’</span> <span class='ocrx_word' id='word_1_96' title='bbox 268 1487 302 1539; x_wconf 90' lang='lat' dir='ltr'>6o</span> <span class='ocrx_word' id='word_1_97' title='bbox 351 1489 469 1555; x_wconf 74' lang='lat' dir='ltr'>Fadiaque</span> <span class='ocrx_word' id='word_1_98' title='bbox 484 1500 543 1539; x_wconf 88' lang='lat' dir='ltr'>eunt</span> <span class='ocrx_word' id='word_1_99' title='bbox 557 1488 587 1537; x_wconf 87' lang='lat' dir='ltr'>ad</span> <span class='ocrx_word' id='word_1_100' title='bbox 605 1504 671 1544; x_wconf 82' lang='lat' dir='ltr'>vos,</span> <span class='ocrx_word' id='word_1_101' title='bbox 687 1483 848 1535; x_wconf 78' lang='lat' dir='ltr'>annueabiss&#39;e</span> <span class='ocrx_word' id='word_1_102' title='bbox 864 1484 955 1551; x_wconf 80' lang='lat' dir='ltr'>potest.</span> <span class='ocrx_word' id='word_1_103' title='bbox 995 1508 999 1512; x_wconf 54' lang='grc'><em>’</em></span> 
     </span>
    </p>
   </div>
   <div class='ocr_carea' id='block_1_4' title="bbox 267 1557 1009 2723">
    <p class='ocr_par' dir='ltr' id='par_1_4' title="bbox 267 1557 1009 2723">
     <span class='ocr_line' id='line_1_16' title="bbox 312 1557 953 1625; baseline -0.008 -12"><span class='ocrx_word' id='word_1_104' title='bbox 312 1562 366 1613; x_wconf 81' lang='lat' dir='ltr'>Nec</span> <span class='ocrx_word' id='word_1_105' title='bbox 379 1563 502 1613; x_wconf 85' lang='lat' dir='ltr'>minimum</span> <span class='ocrx_word' id='word_1_106' title='bbox 516 1562 615 1619; x_wconf 76' lang='lat' dir='ltr'>refert,</span> <span class='ocrx_word' id='word_1_107' title='bbox 632 1559 719 1609; x_wconf 72' lang='lat' dir='ltr'>intaeta</span> <span class='ocrx_word' id='word_1_108' title='bbox 736 1557 825 1608; x_wconf 84' lang='lat' dir='ltr'>rosaria</span> <span class='ocrx_word' id='word_1_109' title='bbox 838 1559 929 1625; x_wconf 82' lang='lat' dir='ltr'>primus</span> <span class='ocrx_word' id='word_1_110' title='bbox 942 1591 953 1617; x_wconf 84' lang='lat'>,</span> 
     </span>
     <span class='ocr_line' id='line_1_17' title="bbox 349 1627 874 1701; baseline -0.015 -15"><span class='ocrx_word' id='word_1_111' title='bbox 349 1637 388 1686; x_wconf 81' lang='lat' dir='ltr'>An</span> <span class='ocrx_word' id='word_1_112' title='bbox 405 1636 456 1686; x_wconf 73' lang='lat' dir='ltr'>seri</span> <span class='ocrx_word' id='word_1_113' title='bbox 470 1652 552 1701; x_wconf 84' lang='lat' dir='ltr'>carpas</span> <span class='ocrx_word' id='word_1_114' title='bbox 567 1650 638 1700; x_wconf 80' lang='lat' dir='ltr'>paene</span> <span class='ocrx_word' id='word_1_115' title='bbox 652 1632 734 1683; x_wconf 74' lang='lat' dir='ltr'>relitta</span> <span class='ocrx_word' id='word_1_116' title='bbox 750 1647 831 1682; x_wconf 85' lang='lat' dir='ltr'>manu.</span> <span class='ocrx_word' id='word_1_117' title='bbox 864 1627 874 1645; x_wconf 79' lang='grc'>’</span> 
     </span>
     <span class='ocr_line' id='line_1_18' title="bbox 315 1704 939 1774; baseline -0.008 -16"><span class='ocrx_word' id='word_1_118' title='bbox 315 1708 381 1774; x_wconf 86' lang='lat' dir='ltr'>Quid</span> <span class='ocrx_word' id='word_1_119' title='bbox 396 1709 501 1765; x_wconf 84' lang='lat' dir='ltr'>mirum,</span> <span class='ocrx_word' id='word_1_120' title='bbox 517 1708 584 1757; x_wconf 66' lang='lat' dir='ltr'>tertis</span> <span class='ocrx_word' id='word_1_121' title='bbox 601 1704 715 1756; x_wconf 82' lang='lat' dir='ltr'>exhausto</span> <span class='ocrx_word' id='word_1_122' title='bbox 730 1704 830 1755; x_wconf 83' lang='lat' dir='ltr'>floribus</span> <span class='ocrx_word' id='word_1_123' title='bbox 843 1704 939 1763; x_wconf 86' lang='lat' dir='ltr'>horto,</span> 
     </span>
     <span class='ocr_line' id='line_1_19' title="bbox 349 1775 932 1844; baseline -0.01 -13"><span class='ocrx_word' id='word_1_124' title='bbox 349 1782 374 1831; x_wconf 83' lang='lat' dir='ltr'>si</span> <span class='ocrx_word' id='word_1_125' title='bbox 389 1782 461 1830; x_wconf 87' lang='lat' dir='ltr'>Duce</span> <span class='ocrx_word' id='word_1_126' title='bbox 480 1796 529 1829; x_wconf 90' lang='lat' dir='ltr'>non</span> <span class='ocrx_word' id='word_1_127' title='bbox 543 1778 604 1829; x_wconf 66' lang='lat' dir='ltr'>faria</span> <span class='ocrx_word' id='word_1_128' title='bbox 618 1778 652 1828; x_wconf 84' lang='lat' dir='ltr'>est</span> <span class='ocrx_word' id='word_1_129' title='bbox 667 1778 738 1844; x_wconf 81' lang='lat' dir='ltr'>digna</span> <span class='ocrx_word' id='word_1_130' title='bbox 752 1791 845 1829; x_wconf 76' lang='lat' dir='ltr'>corona</span> <span class='ocrx_word' id='word_1_131' title='bbox 862 1775 932 1826; x_wconf 83' lang='lat' dir='ltr'>suo?</span> 
     </span>
     <span class='ocr_line' id='line_1_20' title="bbox 269 1849 989 1917; baseline -0.004 -13"><span class='ocrx_word' id='word_1_132' title='bbox 269 1852 300 1916; x_wconf 88' lang='lat'>65</span> <span class='ocrx_word' id='word_1_133' title='bbox 316 1853 463 1917; x_wconf 80' lang='lat' dir='ltr'>Deprecor,</span> <span class='ocrx_word' id='word_1_134' title='bbox 474 1852 526 1901; x_wconf 82' lang='lat' dir='ltr'>haec</span> <span class='ocrx_word' id='word_1_135' title='bbox 538 1863 619 1902; x_wconf 84' lang='lat' dir='ltr'>vatum</span> <span class='ocrx_word' id='word_1_136' title='bbox 630 1863 714 1899; x_wconf 87' lang='lat' dir='ltr'>contra</span> <span class='ocrx_word' id='word_1_137' title='bbox 725 1850 765 1899; x_wconf 83' lang='lat' dir='ltr'>sua</span> <span class='ocrx_word' id='word_1_138' title='bbox 776 1850 879 1900; x_wconf 80' lang='lat' dir='ltr'>carmina</span> <span class='ocrx_word' id='word_1_139' title='bbox 890 1864 920 1899; x_wconf 82' lang='lat' dir='ltr'>rte</span> <span class='ocrx_word' id='word_1_140' title='bbox 933 1849 989 1917; x_wconf 79' lang='lat' dir='ltr'>quis</span> 
     </span>
     <span class='ocr_line' id='line_1_21' title="bbox 349 1922 943 1992; baseline -0.003 -16"><span class='ocrx_word' id='word_1_141' title='bbox 349 1926 420 1977; x_wconf 76' lang='lat' dir='ltr'>Diua</span> <span class='ocrx_word' id='word_1_142' title='bbox 436 1936 507 1992; x_wconf 89' lang='lat' dir='ltr'>putet</span> <span class='ocrx_word' id='word_1_143' title='bbox 523 1940 530 1975; x_wconf 78' lang='lat' dir='ltr'>t</span> <span class='ocrx_word' id='word_1_144' title='bbox 544 1940 589 1992; x_wconf 94' lang='lat' dir='ltr'>pro</span> <span class='ocrx_word' id='word_1_145' title='bbox 606 1923 630 1974; x_wconf 85' lang='lat' dir='ltr'>se</span> <span class='ocrx_word' id='word_1_146' title='bbox 645 1922 715 1973; x_wconf 83' lang='lat' dir='ltr'>Musa</span> <span class='ocrx_word' id='word_1_147' title='bbox 729 1923 812 1973; x_wconf 87' lang='lat' dir='ltr'>locuta</span> <span class='ocrx_word' id='word_1_148' title='bbox 828 1940 881 1973; x_wconf 87' lang='lat' dir='ltr'>mea</span> <span class='ocrx_word' id='word_1_149' title='bbox 899 1922 943 1974; x_wconf 76' lang='lat' dir='ltr'>eu.</span> 
     </span>
     <span class='ocr_line' id='line_1_22' title="bbox 312 1996 954 2064; baseline -0.005 -13"><span class='ocrx_word' id='word_1_150' title='bbox 312 2001 374 2052; x_wconf 87' lang='lat' dir='ltr'>Sunt</span> <span class='ocrx_word' id='word_1_151' title='bbox 389 2000 446 2051; x_wconf 84' lang='lat' dir='ltr'>mibi</span> <span class='ocrx_word' id='word_1_152' title='bbox 461 2000 583 2051; x_wconf 81' lang='lat' dir='ltr'>uobiscum</span> <span class='ocrx_word' id='word_1_153' title='bbox 598 1998 733 2049; x_wconf 82' lang='lat' dir='ltr'>communia</span> <span class='ocrx_word' id='word_1_154' title='bbox 747 1996 832 2055; x_wconf 83' lang='lat' dir='ltr'>sacra,</span> <span class='ocrx_word' id='word_1_155' title='bbox 848 1996 954 2064; x_wconf 66' lang='lat' dir='ltr'>poitaer</span> 
     </span>
     <span class='ocr_line' id='line_1_23' title="bbox 350 2068 851 2125; baseline -0.01 0"><span class='ocrx_word' id='word_1_156' title='bbox 350 2076 378 2125; x_wconf 88' lang='lat' dir='ltr'>ln</span> <span class='ocrx_word' id='word_1_157' title='bbox 392 2073 471 2125; x_wconf 77' lang='lat' dir='ltr'>vestro</span> <span class='ocrx_word' id='word_1_158' title='bbox 486 2073 578 2123; x_wconf 80' lang='lat' dir='ltr'>miseris</span> <span class='ocrx_word' id='word_1_159' title='bbox 592 2072 613 2122; x_wconf 81' lang='lat' dir='ltr'>si</span> <span class='ocrx_word' id='word_1_160' title='bbox 628 2071 686 2121; x_wconf 86' lang='lat' dir='ltr'>licet</span> <span class='ocrx_word' id='word_1_161' title='bbox 702 2068 749 2119; x_wconf 79' lang='lat' dir='ltr'>effe</span> <span class='ocrx_word' id='word_1_162' title='bbox 763 2071 851 2120; x_wconf 80' lang='lat' dir='ltr'>choro.</span> 
     </span>
     <span class='ocr_line' id='line_1_24' title="bbox 312 2142 964 2217; baseline -0.006 -19"><span class='ocrx_word' id='word_1_163' title='bbox 312 2147 451 2217; x_wconf 80' lang='lat' dir='ltr'>Magnaque</span> <span class='ocrx_word' id='word_1_164' title='bbox 468 2164 521 2215; x_wconf 86' lang='lat' dir='ltr'>pars</span> <span class='ocrx_word' id='word_1_165' title='bbox 537 2146 623 2196; x_wconf 86' lang='lat' dir='ltr'>animae</span> <span class='ocrx_word' id='word_1_166' title='bbox 637 2160 731 2193; x_wconf 82' lang='lat' dir='ltr'>mecum</span> <span class='ocrx_word' id='word_1_167' title='bbox 746 2142 834 2193; x_wconf 73' lang='lat' dir='ltr'>vixistis</span> <span class='ocrx_word' id='word_1_168' title='bbox 846 2175 856 2201; x_wconf 84' lang='lat'>,</span> <span class='ocrx_word' id='word_1_169' title='bbox 870 2142 964 2194; x_wconf 75' lang='lat' dir='ltr'>amici:</span> 
     </span>
     <span class='ocr_line' id='line_1_25' title="bbox 268 2218 970 2288; baseline -0.004 -18"><span class='ocrx_word' id='word_1_170' title='bbox 268 2237 303 2284; x_wconf 88' lang='lat'>70</span> <span class='ocrx_word' id='word_1_171' title='bbox 352 2222 405 2271; x_wconf 84' lang='lat' dir='ltr'>Hac</span> <span class='ocrx_word' id='word_1_172' title='bbox 419 2238 466 2288; x_wconf 82' lang='lat' dir='ltr'>ego</span> <span class='ocrx_word' id='word_1_173' title='bbox 479 2234 529 2270; x_wconf 91' lang='lat' dir='ltr'>non</span> <span class='ocrx_word' id='word_1_174' title='bbox 545 2218 628 2269; x_wconf 81' lang='lat' dir='ltr'>absens</span> <span class='ocrx_word' id='word_1_175' title='bbox 645 2234 689 2267; x_wconf 83' lang='lat' dir='ltr'>vos</span> <span class='ocrx_word' id='word_1_176' title='bbox 704 2232 802 2282; x_wconf 84' lang='lat' dir='ltr'>quoque</span> <span class='ocrx_word' id='word_1_177' title='bbox 815 2228 886 2282; x_wconf 84' lang='lat' dir='ltr'>parte</span> <span class='ocrx_word' id='word_1_178' title='bbox 901 2218 970 2267; x_wconf 84' lang='lat' dir='ltr'>colo.</span> 
     </span>
     <span class='ocr_line' id='line_1_26' title="bbox 313 2289 917 2363; baseline -0.008 -19"><span class='ocrx_word' id='word_1_179' title='bbox 313 2294 366 2345; x_wconf 86' lang='lat' dir='ltr'>Sint</span> <span class='ocrx_word' id='word_1_180' title='bbox 379 2294 453 2363; x_wconf 83' lang='lat' dir='ltr'>igitur</span> <span class='ocrx_word' id='word_1_181' title='bbox 469 2292 548 2361; x_wconf 75' lang='lat' dir='ltr'>uestro</span> <span class='ocrx_word' id='word_1_182' title='bbox 564 2306 618 2341; x_wconf 82' lang='lat' dir='ltr'>mea</span> <span class='ocrx_word' id='word_1_183' title='bbox 634 2290 824 2340; x_wconf 87' lang='lat' dir='ltr'>commendanda</span> <span class='ocrx_word' id='word_1_184' title='bbox 838 2289 917 2339; x_wconf 83' lang='lat' dir='ltr'>favori</span> 
     </span>
     <span class='ocr_line' id='line_1_27' title="bbox 350 2361 971 2432; baseline -0.008 -15"><span class='ocrx_word' id='word_1_185' title='bbox 350 2367 481 2423; x_wconf 83' lang='lat' dir='ltr'>Carmina,</span> <span class='ocrx_word' id='word_1_186' title='bbox 496 2382 547 2417; x_wconf 86' lang='lat' dir='ltr'>non</span> <span class='ocrx_word' id='word_1_187' title='bbox 563 2364 655 2432; x_wconf 83' lang='lat' dir='ltr'>poffum</span> <span class='ocrx_word' id='word_1_188' title='bbox 667 2381 713 2429; x_wconf 91' lang='lat' dir='ltr'>pro</span> <span class='ocrx_word' id='word_1_189' title='bbox 728 2364 812 2430; x_wconf 83' lang='lat' dir='ltr'>quibus</span> <span class='ocrx_word' id='word_1_190' title='bbox 827 2363 877 2429; x_wconf 83' lang='lat' dir='ltr'>ipse</span> <span class='ocrx_word' id='word_1_191' title='bbox 894 2361 971 2429; x_wconf 84' lang='lat' dir='ltr'>loqui.</span> 
     </span>
     <span class='ocr_line' id='line_1_28' title="bbox 312 2435 990 2505; baseline -0.007 -15"><span class='ocrx_word' id='word_1_192' title='bbox 312 2438 406 2505; x_wconf 82' lang='lat' dir='ltr'>Scripta</span> <span class='ocrx_word' id='word_1_193' title='bbox 421 2440 519 2505; x_wconf 77' lang='lat' dir='ltr'>placent</span> <span class='ocrx_word' id='word_1_194' title='bbox 534 2456 547 2487; x_wconf 89' lang='lat' dir='ltr'>a</span> <span class='ocrx_word' id='word_1_195' title='bbox 564 2450 643 2488; x_wconf 87' lang='lat' dir='ltr'>morte</span> <span class='ocrx_word' id='word_1_196' title='bbox 658 2435 711 2487; x_wconf 73' lang='lat' dir='ltr'>ferd</span> <span class='ocrx_word' id='word_1_197' title='bbox 723 2453 730 2487; x_wconf 84' lang='lat' dir='ltr'>e</span> <span class='ocrx_word' id='word_1_198' title='bbox 743 2437 798 2505; x_wconf 84' lang='lat' dir='ltr'>quia</span> <span class='ocrx_word' id='word_1_199' title='bbox 813 2436 904 2487; x_wconf 72' lang='lat' dir='ltr'>ledere</span> <span class='ocrx_word' id='word_1_200' title='bbox 917 2438 990 2486; x_wconf 75' lang='lat' dir='ltr'>vivos</span> 
     </span>
     <span class='ocr_line' id='line_1_29' title="bbox 348 2508 883 2577; baseline -0.004 -16"><span class='ocrx_word' id='word_1_201' title='bbox 348 2512 439 2570; x_wconf 83' lang='lat' dir='ltr'>Livor,</span> <span class='ocrx_word' id='word_1_202' title='bbox 461 2512 487 2561; x_wconf 86' lang='lat'>&amp;</span> <span class='ocrx_word' id='word_1_203' title='bbox 500 2508 588 2577; x_wconf 80' lang='lat' dir='ltr'>injusto</span> <span class='ocrx_word' id='word_1_204' title='bbox 603 2526 703 2575; x_wconf 88' lang='lat' dir='ltr'>carpere</span> <span class='ocrx_word' id='word_1_205' title='bbox 721 2510 794 2560; x_wconf 88' lang='lat' dir='ltr'>dente</span> <span class='ocrx_word' id='word_1_206' title='bbox 812 2508 883 2559; x_wconf 85' lang='lat' dir='ltr'>solet.</span> 
     </span>
     <span class='ocr_line' id='line_1_30' title="bbox 267 2582 1009 2651; baseline -0.007 -16"><span class='ocrx_word' id='word_1_207' title='bbox 267 2598 300 2647; x_wconf 84' lang='lat'>75</span> <span class='ocrx_word' id='word_1_208' title='bbox 314 2586 340 2635; x_wconf 86' lang='lat' dir='ltr'>Si</span> <span class='ocrx_word' id='word_1_209' title='bbox 356 2602 432 2651; x_wconf 85' lang='lat' dir='ltr'>genus</span> <span class='ocrx_word' id='word_1_210' title='bbox 450 2584 482 2634; x_wconf 78' lang='lat' dir='ltr'>eii</span> <span class='ocrx_word' id='word_1_211' title='bbox 497 2584 582 2633; x_wconf 81' lang='lat' dir='ltr'>mortis</span> <span class='ocrx_word' id='word_1_212' title='bbox 598 2582 660 2633; x_wconf 84' lang='lat' dir='ltr'>mal&#39;e</span> <span class='ocrx_word' id='word_1_213' title='bbox 676 2583 781 2643; x_wconf 77' lang='lat' dir='ltr'>vivere3</span> <span class='ocrx_word' id='word_1_214' title='bbox 801 2594 867 2633; x_wconf 87' lang='lat' dir='ltr'>terra</span> <span class='ocrx_word' id='word_1_215' title='bbox 881 2594 1009 2640; x_wconf 73' lang='lat' dir='ltr'>moratur,</span> 
     </span>
     <span class='ocr_line' id='line_1_31' title="bbox 349 2655 826 2723; baseline -0.006 -15"><span class='ocrx_word' id='word_1_216' title='bbox 349 2658 380 2708; x_wconf 88' lang='lat' dir='ltr'>Et</span> <span class='ocrx_word' id='word_1_217' title='bbox 395 2658 479 2708; x_wconf 86' lang='lat' dir='ltr'>desunt</span> <span class='ocrx_word' id='word_1_218' title='bbox 496 2658 550 2708; x_wconf 81' lang='lat' dir='ltr'>fatis</span> <span class='ocrx_word' id='word_1_219' title='bbox 567 2657 617 2708; x_wconf 83' lang='lat' dir='ltr'>sola</span> <span class='ocrx_word' id='word_1_220' title='bbox 633 2655 741 2723; x_wconf 85' lang='lat' dir='ltr'>sepulcra</span> <span class='ocrx_word' id='word_1_221' title='bbox 757 2656 826 2706; x_wconf 78' lang='lat' dir='ltr'>meis.</span> 
     </span>
    </p>
   </div>
   <div class='ocr_carea' id='block_1_5' title="bbox 271 2728 1080 3165">
    <p class='ocr_par' dir='ltr' id='par_1_5' title="bbox 271 2728 1080 3165">
     <span class='ocr_line' id='line_1_32' title="bbox 292 2728 1080 2797; baseline -0.003 -16"><span class='ocrx_word' id='word_1_222' title='bbox 292 2728 294 2733; x_wconf 79' lang='grc'><strong>’</strong></span> <span class='ocrx_word' id='word_1_223' title='bbox 311 2730 426 2797; x_wconf 83' lang='lat' dir='ltr'>Denique</span> <span class='ocrx_word' id='word_1_224' title='bbox 443 2742 507 2797; x_wconf 67' lang='lat' dir='ltr'>opud</span> <span class='ocrx_word' id='word_1_225' title='bbox 520 2730 606 2781; x_wconf 80' lang='lat' dir='ltr'>nostrae</span> <span class='ocrx_word' id='word_1_226' title='bbox 624 2731 735 2796; x_wconf 72' lang='lat' dir='ltr'>culpetur</span> <span class='ocrx_word' id='word_1_227' title='bbox 750 2740 778 2778; x_wconf 91' lang='lat' dir='ltr'>ut</span> <span class='ocrx_word' id='word_1_228' title='bbox 793 2728 900 2795; x_wconf 82' lang='lat' dir='ltr'>undique</span> <span class='ocrx_word' id='word_1_229' title='bbox 916 2744 1000 2786; x_wconf 78' lang='lat' dir='ltr'>curae.</span> <span class='ocrx_word' id='word_1_230' title='bbox 1079 2757 1080 2764; x_wconf 26' lang='grc' dir='ltr'><strong>κ</strong></span> 
     </span>
     <span class='ocr_line' id='line_1_33' title="bbox 351 2801 1080 2869; baseline -0.011 -12"><span class='ocrx_word' id='word_1_231' title='bbox 351 2803 467 2857; x_wconf 78' lang='lat' dir='ltr'>Officium</span> <span class='ocrx_word' id='word_1_232' title='bbox 481 2820 553 2855; x_wconf 84' lang='lat' dir='ltr'>nemo</span> <span class='ocrx_word' id='word_1_233' title='bbox 569 2804 612 2869; x_wconf 88' lang='lat' dir='ltr'>qui</span> <span class='ocrx_word' id='word_1_234' title='bbox 626 2801 789 2868; x_wconf 88' lang='lat' dir='ltr'>reprehendat</span> <span class='ocrx_word' id='word_1_235' title='bbox 805 2801 863 2852; x_wconf 90' lang='lat' dir='ltr'>erit.</span> <span class='ocrx_word' id='word_1_236' title='bbox 1079 2803 1080 2828; x_wconf 64' lang='lat'>¹</span> 
     </span>
     <span class='ocr_line' id='line_1_34' title="bbox 313 2870 970 2939; baseline -0.009 -10"><span class='ocrx_word' id='word_1_237' title='bbox 313 2878 349 2929; x_wconf 85' lang='lat' dir='ltr'>Ut</span> <span class='ocrx_word' id='word_1_238' title='bbox 366 2878 445 2930; x_wconf 86' lang='lat' dir='ltr'>desint</span> <span class='ocrx_word' id='word_1_239' title='bbox 460 2870 542 2939; x_wconf 77' lang='lat' dir='ltr'>vires,</span> <span class='ocrx_word' id='word_1_240' title='bbox 560 2890 641 2928; x_wconf 86' lang='lat' dir='ltr'>tamen</span> <span class='ocrx_word' id='word_1_241' title='bbox 656 2874 690 2925; x_wconf 80' lang='lat' dir='ltr'>est</span> <span class='ocrx_word' id='word_1_242' title='bbox 705 2874 820 2924; x_wconf 78' lang='lat' dir='ltr'>laudanda</span> <span class='ocrx_word' id='word_1_243' title='bbox 836 2875 970 2925; x_wconf 79' lang='lat' dir='ltr'>voluntas:</span> 
     </span>
     <span class='ocr_line' id='line_1_35' title="bbox 271 2947 900 3019; baseline -0.006 -18"><span class='ocrx_word' id='word_1_244' title='bbox 271 2949 304 3001; x_wconf 90' lang='lat'>80</span> <span class='ocrx_word' id='word_1_245' title='bbox 353 2951 406 3002; x_wconf 86' lang='lat' dir='ltr'>Hac</span> <span class='ocrx_word' id='word_1_246' title='bbox 424 2969 472 3019; x_wconf 86' lang='lat' dir='ltr'>ego</span> <span class='ocrx_word' id='word_1_247' title='bbox 488 2961 619 3001; x_wconf 83' lang='lat' dir='ltr'>contentos</span> <span class='ocrx_word' id='word_1_248' title='bbox 635 2964 740 3015; x_wconf 84' lang='lat' dir='ltr'>auguror</span> <span class='ocrx_word' id='word_1_249' title='bbox 758 2947 805 2997; x_wconf 73' lang='lat' dir='ltr'>etse</span> <span class='ocrx_word' id='word_1_250' title='bbox 820 2949 900 2997; x_wconf 83' lang='lat' dir='ltr'>Deos.</span> 
     </span>
     <span class='ocr_line' id='line_1_36' title="bbox 315 3018 1021 3088; baseline -0.007 -15"><span class='ocrx_word' id='word_1_251' title='bbox 315 3023 375 3075; x_wconf 84' lang='lat' dir='ltr'>Haec</span> <span class='ocrx_word' id='word_1_252' title='bbox 389 3024 445 3073; x_wconf 84' lang='lat' dir='ltr'>facit</span> <span class='ocrx_word' id='word_1_253' title='bbox 457 3058 464 3082; x_wconf 88' lang='lat'>,</span> <span class='ocrx_word' id='word_1_254' title='bbox 481 3038 508 3074; x_wconf 89' lang='lat' dir='ltr'>ut</span> <span class='ocrx_word' id='word_1_255' title='bbox 518 3024 600 3072; x_wconf 86' lang='lat' dir='ltr'>veniat</span> <span class='ocrx_word' id='word_1_256' title='bbox 610 3038 701 3088; x_wconf 85' lang='lat' dir='ltr'>pauper</span> <span class='ocrx_word' id='word_1_257' title='bbox 713 3037 809 3088; x_wconf 87' lang='lat' dir='ltr'>quoque</span> <span class='ocrx_word' id='word_1_258' title='bbox 820 3032 902 3088; x_wconf 82' lang='lat' dir='ltr'>gratus</span> <span class='ocrx_word' id='word_1_259' title='bbox 916 3018 946 3068; x_wconf 82' lang='lat' dir='ltr'>ad</span> <span class='ocrx_word' id='word_1_260' title='bbox 957 3034 1021 3078; x_wconf 76' lang='lat' dir='ltr'>aras,</span> 
     </span>
     <span class='ocr_line' id='line_1_37' title="bbox 350 3092 902 3165; baseline -0.004 -18"><span class='ocrx_word' id='word_1_261' title='bbox 350 3096 381 3147; x_wconf 87' lang='lat' dir='ltr'>Et</span> <span class='ocrx_word' id='word_1_262' title='bbox 395 3098 492 3164; x_wconf 82' lang='lat' dir='ltr'>placeat</span> <span class='ocrx_word' id='word_1_263' title='bbox 508 3096 570 3147; x_wconf 65' lang='lat' dir='ltr'>creso</span> <span class='ocrx_word' id='word_1_264' title='bbox 587 3112 638 3146; x_wconf 84' lang='lat' dir='ltr'>non</span> <span class='ocrx_word' id='word_1_265' title='bbox 652 3092 729 3147; x_wconf 78' lang='lat' dir='ltr'>minirr</span> <span class='ocrx_word' id='word_1_266' title='bbox 746 3112 808 3165; x_wconf 79' lang='lat' dir='ltr'>agna</span> <span class='ocrx_word' id='word_1_267' title='bbox 826 3096 902 3145; x_wconf 81' lang='lat' dir='ltr'>bove.</span> 
     </span>
    </p>
   </div>
   <div class='ocr_carea' id='block_1_6' title="bbox 0 0 1192 3942">
    <p class='ocr_par' dir='ltr' id='par_1_6' title="bbox 0 0 1192 3942">
     <span class='ocr_line' id='line_1_38' title="bbox 0 0 1192 3942; baseline 0 0"><span class='ocrx_word' id='word_1_268' title='bbox 0 0 1192 3942; x_wconf 95' lang='lat' dir='ltr'> </span> 
     </span>
    </p>
   </div>
  </div>
 </body>
</html>
