2367 3942
686 950 1166 1057 OVIDII
1267 967 1892 1056 NASONS

582 1165 701 1285 T
761 1167 895 1284 R
974 1162 1400 1286 IFST
1456 1166 1535 1283 ἶ
1612 1166 1759 1290 U
1830 1164 2056 1295 M,

901 1381 1680 1452 ·L143E12-K⁷

826 1555 1264 1619 ELEGIA
1343 1555 1740 1618 PRIMA.

584 1650 848 1769 Hunc
864 1732 1057 1784 quoque
1072 1716 1132 1767 de
1147 1713 1353 1774 Getico,
1368 1713 1512 1765 nostri
1527 1710 1732 1766 studiose
1746 1749 1763 1775 ‚
1786 1711 2002 1765 libellum

656 1789 823 1838 Litore
843 1821 858 1846 ,
887 1789 1145 1859 praeqiissis
1171 1781 1559 1861 ςυὲῑωος,ᾳᾴἀε,
1573 1788 1714 1839 meis.

581 1861 681 1910 Hic
706 1877 901 1926 quoque
922 1861 1033 1910 talis
1058 1859 1155 1912 'etit
1170 1894 1189 1919 ‚
1223 1854 1377 1927 qualis
1396 1858 1612 1911 Fortuna
1634 1862 1818 1933 poe'tae.

656 1933 1023 1987 Invenies·toto
1050 1934 1260 1987 carmine
1293 1934 1438 1984 dulce
1464 1934 1612 1988 nihil.
1664 1941 1671 1947 ‘

536 2021 563 2070 5
588 2007 783 2058 Flebilis
814 2007 1063 2058 utnoster
1084 2008 1235 2059 status
1266 2006 1362 2071 est,
1397 2009 1464 2058 ita
1497 2008 1661 2058 flebile
1695 2023 1887 2061 carmen
1907 2023 1931 2068 3

656 2081 882 2134 Matetiae
909 2080 1087 2149 scripto
1118 2082 1441 2132 conveniente
1471 2081 1586 2132 suae.

586 2154 783 2221 Integet
815 2155 868 2207 δι
895 2156 1038 2222 laetus
1069 2156 1180 2204 laeta
1214 2155 1265 2204 &
1293 2154 1524 2220 juvenilia
1555 2155 1690 2214 1usi3

660 2228 747 2277 ula
776 2239 939 2278 tamen
974 2245 1103 2278 nunc
1135 2243 1212 2276 me
1246 2225 1557 2292 composuiss‘e
1593 2228 1752 2296 piget.

584 2299 659 2351 Ut
690 2301 846 2352 cecidi
864 2333 882 2359 ‚
915 2300 1053 2350 subiti
1082 2315 1262 2366 perago
1293 2299 1538 2365 praeconia
1567 2301 1706 2350 casus
1722 2317 1748 2361 3

502 2386 569 2423 ιο
662 2371 1174 2440 διιωςιιειετςυπιεητί
1209 2371 1433 2422 conditor
1460 2372 1560 2438 ipse
1596 2375 1713 2424 mei.
1744 2389 1748 2393 ·

585 2444 751 2512 thue
778 2444 943 2510 jacens
973 2443 1075 2510 ripa
1105 2443 1286 2494 deflere
1320 2441 1564 2513 Caystrius
1593 2446 1696 2494 ales

665 2512 881 2566 Dicitu(
894 2530 980 2565 ore
1010 2516 1139 2565 suam
1172 2515 1433 2568 deficiente
1463 2532 1631 2568 necem
1652 2532 1672 2572 3

585 2590 666 2640 Sic
698 2605 793 2656 ego
815 2621 830 2646 ,
859 2587 1147 2647 Sarmaticas
1174 2590 1322 2659 longe
1353 2589 1600 2657 projectus
1623 2589 1674 2636 in
1701 2602 1812 2638 oras
1829 2619 1852 2647 s

659 2660 829 2712 Efficio
860 2661 1057 2712 tacitum
1089 2680 1152 2713 ne
1182 2664 1298 2721 mihi
1325 2664 1467 2714 funus
1503 2672 1603 2712 eat.

503 2750 525 2786 x
540 2750 563 2798 5
589 2734 806 2786 Delicias
835 2733 875 2783 si
906 2736 1012 2802 quis
1040 2729 1309 2803 lascivaque
1338 2734 1542 2786 carmina
1570 2731 1780 2799 quaerit,

660 2807 942 2858 Praemoneo
973 2826 1228 2877 numquam
1255 2809 1427 2872 scripta
1461 2805 1592 2873 quod
1621 2806 1704 2856 ista
1737 2809 1890 2874 legat.

585 2879 762 2947 Aptior
792 2881 902 2931 huic
943 2880 1116 2933 Gallus
1134 2915 1149 2941 ,
1185 2881 1449 2945 blandique
1473 2877 1751 2944 Propertius
1786 2881 1882 2930 oris
1905 2895 1923 2931 z

658 2954 836 3020 Aptior
857 2987 873 3013 ,
906 2954 1150 3024 ingenium
1181 2968 1321 3002 come
1342 2985 1359 3012 ,
1390 2951 1614 3003 Tibullus
1646 2953 1758 3004 etit.

586 3027 747 3094 Atque
776 3028 956 3078 utinam
993 3042 1193 3076 numero
1225 3041 1287 3076 ne
1317 3041 1408 3076 nos
1443 3025 1642 3076 effemus
1673 3026 1722 3074 in
1751 3025 1838 3074 isto
1865 3025 1877 3071 ἰ

496 3113 566 3150 20
658 3100 757 3154 Hei
782 3101 896 3152 mihi
931 3101 945 3151 Ξ
984 3117 1070 3152 cur
1101 3115 1325 3168 umquam
1343 3097 1486 3152 Musa
1513 3099 1679 3166 jocata
1706 3114 1811 3150 mea
1845 3095 1958 3147 est?

780 3218 822 3231 ,Α
