2367 3942
300 450 378 522 214
423 430 465 497 P.
492 430 682 498 Orrnrr
708 429 940 499 NAsorrrs

298 549 377 618 Cujus
392 561 421 600 ut
434 550 515 600 oblata
529 549 564 600 ell
577 548 725 615 praesentiat
739 547 886 609 Vincimus,
903 549 993 621 inquit.

335 624 382 673 Hit
400 623 457 672 mihi
472 635 550 673 morte
565 621 607 672 sud
623 623 692 673 causa
706 621 786 674 salutis
801 622 857 674 erit.

255 714 287 763 25
302 695 414 748 Protinus
429 696 523 764 ignari,
540 711 587 746 nec
602 695 732 762 quidquam
745 695 795 745 tale
809 695 936 758 timentis,

335 770 469 819 lnnocuum
484 769 562 836 rigido
579 769 689 835 perforat
706 767 763 818 ense
781 769 853 820 latus·

299 842 382 909 Atque
395 843 448 903 ita,
466 841 579 900 divellit,
599 842 738 907 divulsaque
753 843 861 892 membra
876 858 922 909 pet
938 859 1011 913 agros
1032 849 1042 866 ‘

334 916 464 982 Dissipat,
479 915 505 964 in
518 916 599 966 mtrltis
614 914 759 964 invenienda
773 916 844 966 locis.

297 990 353 1039 Neu
369 1001 438 1054 pater
452 987 568 1056 ignoret,
585 987 685 1055 scopulo
703 988 819 1052 proponit
833 989 859 1038 in
875 990 927 1039 alto

257 1073 290 1129 30
338 1061 508 1128 Pallentesque
522 1077 628 1118 manus,
648 1061 851 1128 sanguineumque
868 1071 956 1128 caput.

297 1135 332 1186 Ut
348 1135 445 1203 genitor
459 1133 572 1201 lusluque
586 1151 653 1186 novo
666 1134 795 1193 tardetur,
813 1134 840 1185 δι
855 1147 923 1185 artus

333 1209 399 1257 Dum
416 1207 477 1274 legit
492 1207 640 1266 exssinslos,
657 1207 722 1258 triste
738 1219 847 1257 moretur
863 1207 922 1258 iter.

297 1280 357 1332 lnde
372 1280 457 1332 Tomis
473 1279 548 1330 didus
563 1283 634 1332 loeus
649 1280 704 1338 esta
721 1279 778 1345 quia
793 1280 871 1332 fertur
886 1279 912 1332 iu
928 1279 973 1332 illo

332 1354 444 1404 Membra
461 1353 529 1404 soror
545 1353 626 1404 fratris
643 1351 789 1405 consecuisse
805 1353 850 1404 sui.
929 1383 931 1388 ·

291 1439 961 1534 te—-an‘l'iss--eoy

457 1561 714 1627 ELEGIA
759 1563 801 1628 X.

297 1655 353 1773 St
369 1718 422 1787 quis
435 1721 514 1771 adhue
526 1720 577 1772 illic
590 1719 699 1772 meminit
714 1718 818 1772 Nasonis
830 1719 929 1779 ademti,

329 1793 361 1841 Et
377 1791 480 1860 superesi
493 1793 546 1842 sine
562 1809 602 1842 me
617 1809 706 1843 nomen
721 1794 746 1842 in
764 1794 832 1843 Urbe
847 1809 940 1852 meumt

282 1857 448 1930 'suppositum
461 1863 535 1914 stellis
551 1881 679 1930 numquam
693 1864 846 1932 tangentibus
861 1881 959 1930 sequor,

328 1936 373 1986 Me
387 1936 446 1987 sciat
458 1936 483 1987 in
499 1937 580 1988 medii
594 1938 678 1988 vivere
694 1935 811 1987 barbarie.

269 2028 281 2076 5
294 2010 442 2061 Sauromata
451 2011 550 2078 cingunt
558 2044 566 2070 ,
575 2011 629 2062 sera
639 2027 713 2078 gens,
724 2010 855 2076 Bessique,
869 2008 1005 2077 Getaequet

329 2083 410 2148 Qudm
425 2101 476 2134 non
490 2085 589 2152 ingenio
605 2086 700 2142 nomina
717 2083 788 2151 digna
803 2081 879 2132 meo!

290 2155 357 2224 Dum
368 2168 449 2208 tamen
458 2173 515 2208 aura
525 2170 596 2223 tepet
606 2189 614 2216 ,
625 2157 704 2206 medio
715 2156 865 2206 defendimur
875 2153 948 2206 lslro·

327 2230 373 2278 1111
389 2230 434 2282 suis
449 2230 551 2295 liquidus
566 2231 630 2278 bella
645 2228 744 2294 repellit
758 2229 836 2296 aquis.

291 2302 326 2352 At
341 2300 395 2350 culm
411 2301 481 2352 tristis
496 2301 572 2350 hiems
588 2300 719 2366 squalentia
733 2301 836 2366 protulit
852 2315 915 2358 ora,

251 2389 282 2427 tu
329 2374 456 2440 Terraque
470 2387 607 2423 mannoreo
621 2372 721 2422 candida
736 2373 795 2424 11111
811 2374 877 2443 gelu
883 2371 937 2422 eli:

290 2446 355 2496 Dum
369 2457 437 2510 patet
452 2445 477 2494 dt
492 2444 602 2501 Boreas,
621 2444 646 2494 δι
661 2445 702 2495 nix
716 2443 804 2510 injesla
817 2447 858 2496 sub
874 2444 972 2502 ,111111

326 2518 391 2566 Tum
405 2518 483 2582 liquet
497 2517 541 2567 has
556 2527 642 2584 gentes
659 2533 704 2568 axe
719 2529 841 2569 tremente
855 2518 942 2584 premi.

289 2591 338 2641 Nix
348 2590 414 2655 jacet
425 2605 432 2639 1
445 2587 566 2654 8111111111
577 2604 624 2640 uec
635 2589 677 2640 Sol
687 2592 806 2658 pluviave
818 2591 940 2642 resolvunt
951 2605 959 2640 t

325 2663 424 2713 lndurat
439 2661 549 2721 Boreas,
569 2675 758 2732 perpetuamque
774 2665 842 2716 11111.

249 2753 279 2802 15
291 2735 357 2802 Ergo
368 2769 377 2794 ,
394 2735 435 2784 ubi
446 2734 546 2786 delicuit
556 2737 662 2786 nondum
671 2738 737 2804 prior
749 2769 756 2796 ,
774 2739 850 2788 altera
859 2735 928 2788 111111
938 2749 949 2788 t

325 2809 355 2860 Et
372 2809 433 2860 solet
447 2807 471 2857 in
485 2809 567 2859 multis
583 2809 645 2858 bima
658 2826 754 2860 manere
771 2811 842 2861 locis.

287 2883 414 2949 Tantaque
430 2882 545 2932 commoti
561 2882 599 2931 ris
614 2882 647 2931 est
661 2882 809 2950 Aquilonis,
827 2893 855 2932 ut
870 2881 933 2931 altas

324 2955 417 3022 AEquet
430 2957 504 3006 humo
520 2966 620 3011 turres,
639 2955 749 3023 testaque
766 2968 832 3021 rapta
847 2956 922 3004 serat.

278 3029 411 3098 1111111111,
429 3028 456 3079 dt
471 3027 529 3079 sutis
542 3039 625 3078 arcent
641 3027 702 3078 male
719 3029 809 3096 frigora
825 3028 938 3084 bractist

243 3117 277 3151 20
325 3101 426 3168 Oraque
441 3101 472 3153 de
488 3112 544 3153 toto
558 3115 663 3167 torpore
679 3100 728 3154 sola
742 3112 838 3170 patent·
