2367 3942
267 395 703 467 Tntsrrurrlru.
730 396 788 463 II.
842 396 913 490 183

199 519 254 588 ipse
270 532 369 584 quoque
384 513 502 565 Ausonias
516 514 597 565 Caesar
612 527 749 583 matresque
765 524 888 583 nurusque

237 591 355 641 Carmina
370 590 496 656 turrigerae
514 588 595 638 dicere
611 588 681 655 jussit
700 590 759 655 Opi.

199 656 306 720 lufferit
321 663 350 713 δι
363 659 456 711 Phoebo
469 662 518 711 dici
528 672 540 721 ,'
554 678 603 729 quo
617 675 728 729 tempore
744 663 816 714 ludos
926 679 958 728 25

236 737 329 792 Fecit,
349 750 412 800 quos
429 745 486 783 aetas
503 735 587 801 aspicit
603 752 653 785 una
668 736 749 785 semel.

199 812 247 863 His
262 824 356 877 precor
371 808 488 872 exemplis
502 820 546 856 tua
562 824 648 867 nunc,
666 808 790 859 mitissime
808 808 910 871 Caesur,

236 884 292 935 Fiat
305 883 336 931 ab
351 880 451 948 ingenio
467 881 565 931 mollior
581 881 616 930 ira
633 898 698 931 meo.

199 958 244 1008 illa
261 955 361 1023 quidem
374 953 435 1020 justa
452 953 505 1012 est,
521 970 567 1003 nec
583 970 623 1005 me
638 954 747 1006 meruiffe
764 958 878 1025 negabo:

238 1031 297 1079 Non
311 1024 376 1077 adei>
391 1025 472 1076 nostro
489 1026 551 1095 fugit
566 1028 596 1077 ab
613 1044 657 1077 ore
674 1028 761 1095 pudor.
926 1042 960 1095 30

201 1104 249 1155 Sed
261 1137 269 1161 ‚
291 1101 338 1151 nisi
353 1094 506 1167 peciaffem,
525 1100 583 1167 quid
597 1112 626 1149 tu
637 1096 779 1151 'concedere
794 1100 897 1169 posset?

236 1175 369 1225 Materiam
385 1173 462 1223 venia
477 1173 527 1223 sors
544 1173 589 1223 tibi
605 1174 683 1224 nostra
700 1174 775 1225 dedit.
832 1216 833 1220 ,

201 1250 245 1307 Si,
265 1249 363 1315 quoties
379 1246 490 1297 homines
506 1259 633 1311 peccant,
652 1247 691 1296 sua
707 1248 804 1312 fulmina
822 1248 900 1299 minat

238 1322 371 1388 Juppiter3
388 1320 478 1387 exiguo
492 1319 603 1385 ternpore
619 1320 715 1370 inermis
730 1322 787 1370 erit.

202 1395 250 1445 Hic
267 1395 310 1444 uhi
327 1393 459 1451 detonuit,
482 1392 629 1459 strepituque
646 1395 765 1443 exterruit
783 1394 866 1443 orbem
878 1422 896 1453 ,ι
925 1406 957 1458 35

238 1468 328 1519 Purum
343 1466 454 1517 discussis
469 1467 525 1515 aira
540 1465 621 1515 reddit
637 1467 716 1531 aquis.

201 1540 261 1593 Jure
276 1541 350 1609 igitur
366 1540 512 1608 genitorque
530 1537 613 1595 Dedin
629 1538 757 1605 redorque
773 1550 894 1590 vocaturi

237 1613 298 1665 Jure
315 1630 390 1679 capax
406 1612 510 1661 muudus
527 1610 640 1662 uiliore
657 1609 731 1676 maius
746 1612 827 1663 habet.

180 1719 187 1738 .
201 1685 241 1737 Tu
259 1702 375 1753 quoque,
394 1683 449 1735 cdrn
466 1683 552 1733 Patria
567 1682 658 1733 Redor
670 1683 773 1743 ditare,
792 1683 911 1755 Paterque
925 1702 936 1743 ς

237 1760 318 1809 Utere
334 1774 402 1808 more
420 1758 471 1807 Dei
487 1772 575 1806 nornen
592 1757 705 1807 habentis
721 1758 793 1807 idem.
922 1774 958 1820 40

202 1832 279 1897 idque
295 1831 355 1881 iacis
371 1842 483 1880 :necte
500 1830 624 1897 quisquam
641 1829 788 1883 moderatius
805 1846 916 1899 uinquam

237 1905 336 1971 imperii
353 1906 436 1970 potuit·
452 1904 520 1953 irena
535 1916 621 1953 tenere
641 1903 686 1955 sui.

111 1965 112 1968 ’
200 1978 241 2027 ru
257 1977 355 2028 verram
371 1978 433 2041 parri
449 1976 565 2042 superare
583 1977 644 2042 sepe
662 1975 768 2035 deant,

236 2052 297 2100 Non
315 2048 468 2098 conceffurus
483 2066 551 2115 quain
566 2049 611 2099 tibi
628 2049 707 2099 ridor
723 2060 788 2099 erat.

200 2124 301 2173 Divitiis
320 2121 394 2172 etiarn
408 2122 496 2172 multos
512 2122 538 2172 δι
552 2122 686 2172 honoribus
702 2120 786 2171 auitos
922 2136 955 2184 45

237 2196 297 2250 Vidi
312 2228 321 2254 ,
340 2195 383 2261 qui
398 2196 502 2245 tulerant
517 2197 543 2245 in
552 2208 632 2263 ,caput
648 2212 712 2245 artua
728 2208 806 2245 tuurn.

202 2268 316 2335 Qnaeque
334 2268 385 2319 diss
402 2270 511 2325 beilum,
526 2270 588 2317 ¹nelli
602 2268 647 2319 tibi
663 2267 753 2321 sustulit
768 2269 850 2327 irunt

240 2342 346 2409 Parsque
360 2342 430 2391 simui
444 2342 540 2406 templis
555 2356 658 2413 utraque
674 2342 736 2392 dont
751 2343 816 2392 tulit.

204 2416 289 2479 thue
306 2428 363 2465 tuus
378 2415 468 2483 gaudet
482 2416 569 2473 miles,
588 2415 655 2482 quod
669 2416 759 2466 uicerit
773 2414 885 2473 hostem

239 2487 298 2546 Sic,
318 2487 406 2537 vidum
423 2504 466 2538 tur
483 2487 507 2538 se
520 2489 646 2556 gaudeat,
661 2488 732 2539 hostis
746 2488 829 2538 hebet.
925 2502 957 2549 50

203 2560 279 2610 Causa
295 2576 350 2611 rnen
363 2561 398 2611 eii
411 2560 498 2610 melior
514 2576 522 2610 ε
538 2561 580 2627 qui
595 2576 641 2611 nec
657 2561 775 2612 contrarie
793 2562 862 2611 dicor

239 2634 330 2693 Arma,
350 2651 398 2685 nec
412 2633 514 2684 hostiles
530 2632 578 2684 effe
594 2632 689 2685 secutus
697 2650 776 2701 nopes.

203 2704 249 2755 Per
264 2722 348 2765 mere,
367 2723 413 2773 per
428 2718 527 2765 terras,
542 2722 588 2773 per
604 2707 676 2756 tertia
689 2707 785 2757 nurnine
802 2706 878 2773 juro,

240 2778 285 2828 Per
302 2792 329 2830 te
343 2780 485 2846 presentem
502 2779 706 2846 conspicuumque
722 2781 805 2829 Deum
818 2796 827 2837 ς

205 2852 276 2902 Hunc
293 2853 397 2903 animum
413 2852 493 2902 favisse
506 2852 570 2911 tibi,
588 2852 635 2905 Vir
652 2853 754 2901 maxime
768 2867 775 2902 t
790 2866 896 2916 tneque,
926 2862 956 2911 55

239 2924 294 2987 Qui
311 2926 361 2977 soli
378 2924 468 2991 potui,
487 2938 569 2975 mente
585 2923 654 2975 fuiffe
671 2937 749 2973 tuum.

207 2996 295 3063 optavi
311 3010 411 3064 peteres
428 2998 532 3047 coelestia
549 2998 627 3047 sidera
645 2996 733 3054 tardi3

237 3070 343 3139 Parsque
358 3071 394 3122 fui
410 3072 486 3122 nube
503 3086 576 3138 parta
593 3071 716 3139 precantis
731 3068 805 3122 idem.
