2367 3942
225 452 536 519 Maronem
562 448 769 517 Lta.IV.
803 472 877 521 ¹111

167 567 217 632 Qui
233 570 299 634 petis
316 569 450 626 auxilium,
470 584 519 617 non
534 567 632 634 grandia
646 566 726 617 divide
743 584 837 618 mecum

205 641 327 699 Praemia,
346 642 377 690 de
393 643 491 690 lacubus
506 642 614 706 proxima
627 640 700 691 mulla
714 642 771 691 tuis.

168 716 241 764 Nulla
252 714 366 764 moraest
375 730 456 778 operae
467 730 474 764 τ
484 707 585 763 vestrum
596 714 653 764 dare
664 748 670 771 ,
683 714 781 765 vincere
791 713 894 765 nostrum
905 712 946 762 eti.

206 787 289 851 Quam
303 788 366 836 velit
379 786 469 837 AEneas
484 787 525 837 illa
540 798 627 853 negata
642 788 700 836 mihi
714 787 720 837 l
894 788 946 851 890

168 858 317 911 Annue'rant
333 860 426 910 Rutuli.
444 860 583 911 Mezentius
600 860 677 909 induit
692 878 777 921 arma,

205 934 294 984 Induit
311 931 421 991 AEneas,
438 934 615 1000 alloquiturque
631 932 728 984 Jovem.

170 1007 272 1057 Hollica
290 1006 421 1073 Tyrrheno
437 1020 495 1056 vota
509 1006 543 1055 est
558 1007 678 1079 vindemia
694 1008 774 1076 Regi,

137 1118 139 1124 .
201 1080 324 1147 'luppiter
336 1096 343 1129 a
356 1097 370 1129 e
385 1080 454 1130 Latio
470 1081 568 1146 palmite
583 1080 655 1130 mulla
670 1081 742 1133 feras.

170 1152 238 1204 Vota
254 1154 340 1203 valent
353 1154 453 1203 meliora
467 1170 475 1203 t
490 1154 554 1203 cadit
569 1153 708 1204 Mezentius
724 1154 828 1223 ingens,
865 1188 869 1193 -
896 1154 927 1218 89
934 1170 946 1218 5

207 1226 291 1295 Atque
307 1226 440 1294 indignanti
457 1226 556 1293 pellore
571 1228 662 1294 plangit
678 1228 784 1279 humum.

171 1298 282 1350 Venerat
299 1301 456 1358 Autumnus,
475 1301 574 1349 calcatis
589 1300 698 1350 sordidus
714 1302 789 1359 uvis;
866 1334 870 1341 ·

206 1372 352 1423 Redduntur
367 1375 456 1423 merito
471 1373 551 1423 debita
565 1373 621 1423 vina
636 1373 701 1425 Jovi.

173 1444 242 1496 Diua
258 1447 311 1497 dies
326 1447 383 1496 hinc
399 1445 434 1495 est
446 1445 543 1496 Vinalia
556 1462 564 1496 a
578 1447 690 1511 luppiter
704 1448 769 1496 illam

207 1519 345 1579 Vindicat,
363 1522 390 1571 ὃ(
407 1518 471 1568 fellis
487 1520 577 1585 gaudet
591 1518 663 1567 inelle
680 1520 736 1569 suis.
897 1532 949 1582 900

172 1592 245 1641 SEX
262 1594 321 1652 ubi,
336 1611 390 1660 quae
406 1590 515 1649 restant,
530 1594 598 1641 luces
611 1591 702 1657 Aprilis
717 1591 836 1650 habebit;
869 1586 871 1593 ⁴

208 1667 237 1714 ln
253 1666 335 1717 medio
351 1665 424 1715 cursu
439 1677 549 1731 tempora
562 1665 627 1713 veris
644 1677 724 1715 errant.

174 1737 204 1787 Et
219 1739 303 1789 frustra
318 1739 439 1805 pecudem
454 1755 548 1804 quaeres
564 1738 748 1789 Athamantidos
764 1738 848 1789 Helles
862 1755 871 1797 3

209 1812 330 1879 Signaque
346 1813 406 1862 dant
422 1812 529 1871 imbres,
547 1814 703 1880 exoriturque
721 1812 803 1861 Canis.

176 1882 227 1932 Hac
242 1887 298 1935 mihi
315 1886 442 1935 Nomento
456 1886 558 1935 Romam
575 1885 630 1936 etim
645 1888 700 1935 luce
715 1888 838 1943 redirem,
855 1880 857 1885 ’
896 1897 947 1949 905

212 1957 311 2008 Obllitit
325 1959 349 2007 in
366 1959 445 2009 media
461 1960 560 2008 candida
575 1976 664 2025 pompa
681 1958 728 2008 vit.

176 2029 270 2080 Flamen
286 2033 309 2081 in
326 2030 432 2097 antiquie
447 2033 530 2081 lucum
546 2032 672 2098 Robiginis
689 2032 758 2089 ibat,

209 2104 272 2153 Exta
289 2107 356 2153 canis
371 2106 492 2161 flammis,
516 2116 571 2153 etta
588 2104 686 2153 daturus
704 2105 767 2154 ovis.

177 2173 287 2227 Protinus
304 2178 417 2234 accessi,
437 2176 498 2226 ritlls
514 2193 546 2225 ne
562 2164 656 2226 nesciui
674 2174 753 2227 ellem.

210 2250 290 2299 Edidit
306 2252 359 2300 haec
377 2252 476 2301 Flamen
490 2251 585 2308 verba,
607 2249 728 2313 Quirine,
748 2262 813 2306 tuus.
897 2264 949 2314 910

177 2321 264 2388 Aspera
278 2324 396 2391 Robigo,
413 2340 496 2389 parcas
514 2323 656 2373 Cerealibus
671 2324 750 2373 herbis
764 2341 772 2381 3

211 2396 242 2445 Et
256 2409 345 2447 tremat
361 2398 386 2445 in
402 2397 491 2447 summa
504 2399 565 2446 laeve
582 2414 698 2447 cacumen
715 2399 798 2447 humo.

177 2466 214 2516 Tu
229 2469 278 2519 sata
294 2471 414 2520 sideribus
431 2470 487 2520 coeli
503 2470 594 2520 nutrita
611 2470 719 2520 secundis

212 2542 349 2602 Crescere,
369 2543 425 2593 dum
439 2543 498 2593 fiant
514 2544 615 2593 falcibus
632 2556 705 2609 apta,
724 2543 796 2593 sinas.

177 2613 220 2664 Vis
232 2627 273 2665 tua
284 2633 332 2665 non
343 2617 406 2667 levis
417 2616 534 2681 estrquae
545 2629 573 2666 tu
585 2616 704 2666 frumenta
716 2616 820 2675 notasti,
895 2630 947 2680 915

211 2688 309 2739 Maestus
325 2690 351 2738 in
368 2690 459 2740 amissis
475 2690 515 2738 illa
532 2692 634 2739 colonus
649 2690 732 2741 habet.

177 2760 229 2810 Nec
244 2763 313 2812 venti
328 2761 421 2814 tantiam
440 2762 526 2813 Cereri
541 2777 649 2812 nocuere
666 2780 712 2812 nec
725 2764 834 2817 imbres,

211 2835 266 2885 Nec
283 2836 318 2885 sic
336 2852 471 2887 marmoreo
488 2837 563 2900 pallet
579 2836 658 2885 adusta
675 2838 731 2903 gelu
746 2854 754 2892 ;

181 2904 325 2969 Quantum,
345 2909 366 2957 si
382 2912 473 2959 culmos
488 2909 561 2958 Titan
578 2910 700 2958 incalfacit
712 2908 782 2958 udos.

214 2982 279 3029 Tum
294 2982 366 3029 locus
381 2980 414 3031 est
428 2984 487 3040 irae,
505 2983 570 3049 Diva
586 2982 692 3032 timenda
708 3013 715 3038 ,
732 2993 789 3029 tuae.
900 2990 953 3040 920

180 3049 273 3111 Parce,
289 3068 399 3119 precor,
414 3056 553 3120 scabrasque
567 3070 651 3103 manus
666 3070 678 3100 a
694 3052 811 3101 messibus
827 3048 894 3099 aufer
908 3067 916 3107 3

215 3126 288 3177 Neve
304 3142 369 3176 noce
384 3128 474 3179 cultis:
488 3128 553 3194 polle
571 3142 663 3176 nocere
680 3126 714 3175 sat
729 3124 772 3175 est.
