2367 3942
749 276 753 283 a

261 462 564 533 Fastorum
588 462 694 533 ΜΒ.
721 464 821 535 HI.-
862 464 911 558 67

196 582 298 651 Jamque
315 582 368 632 ier'e
378 595 452 648 raptae
461 595 563 632 matrum
577 596 674 647 quoque
685 597 773 642 nomen
788 583 932 641 habebant3

234 656 372 721 Tradlaque
390 668 458 705 erant
471 655 548 723 'longi
564 657 627 705 bella
644 656 777 721 propinqua
794 656 871 709 mori.

197 728 356 781 Conveniunt
372 742 453 794 nuptae
468 729 553 777 dillam
567 728 669 779 lunonis
685 730 710 777 in
725 731 821 781 edem:
920 741 972 792 205

235 803 306 868 Quas
322 804 385 853 inter
402 818 454 851 mea
467 802 502 852 sic
518 801 551 851 eli
567 819 640 851 nurus
655 802 707 851 orsa
722 804 798 867 loqui.

199 876 224 929 0
238 876 244 925 !
258 877 351 943 pariter
361 887 455 941 raptae,
476 876 589 941 quoniam
601 877 649 925 hoc
661 892 789 927 commune
798 889 932 934 tenemus,

234 950 294 999 Non
308 950 372 999 ultra
389 948 454 999 lente
469 949 588 1015 pollumus
603 948 650 999 else
665 949 721 1015 piat.

198 1020 267 1072 Stant
284 1022 350 1071 acies
363 1037 370 1071 t
383 1022 422 1071 sed
439 1024 490 1073 utri
505 1022 539 1072 Di
555 1024 604 1072 sint
620 1037 666 1088 pro
680 1035 749 1089 parte
762 1023 881 1091 rogandi,

234 1094 326 1161 Eligite
338 1112 345 1145 ε
357 1094 411 1145 hinc
428 1096 538 1160 conjux,
557 1097 614 1145 hinc
631 1112 701 1160 pater
716 1113 779 1147 arma
793 1109 889 1147 tenent.
919 1106 973 1145 nto

199 1164 383 1231 Quaerendum,
400 1170 479 1219 viduae
495 1168 548 1217 fieri
563 1170 689 1227 malimus,
704 1186 735 1219 an
751 1171 827 1223 orbae·

230 1240 370 1303 Consilium
387 1242 456 1291 vobis
473 1244 538 1292 forte
555 1243 668 1307 piumque
684 1243 757 1293 dabo.

199 1312 330 1364 Consilium
348 1316 458 1365 dederat.
476 1314 583 1372 Parent,
602 1316 741 1381 crinemque
756 1315 902 1374 resolvunt

233 1386 364 1454 Maestaque
382 1389 483 1437 funerei
501 1404 603 1451 corpora
619 1388 684 1437 velle
698 1399 796 1454 tegunt.

199 1457 249 1511 iam
267 1461 358 1511 stabant
372 1462 439 1511 acies
456 1461 523 1508 ferro
539 1460 659 1525 mortique
675 1472 785 1525 parate,
921 1470 973 1520 215

232 1531 287 1584 lam
301 1534 376 1583 lituus
392 1549 481 1597 pugnae
498 1533 566 1597 signa
581 1534 680 1580 daturus
696 1546 772 1589 erat;

197 1603 260 1655 Ctlm
275 1619 350 1671 raptae
366 1605 471 1655 veniunt
485 1604 549 1651 inter
563 1614 693 1669 patresque
708 1604 841 1669 virosque,

234 1678 313 1743 lnque
330 1679 384 1727 sinu
400 1690 493 1734 natos,
507 1674 607 1742 pignota
624 1692 698 1734 cara,
715 1677 807 1731 ferunt.

197 1750 234 1801 Ut
250 1750 356 1799 medium
374 1750 451 1815 campi
464 1746 540 1815 passis
557 1750 661 1818 tetigere
676 1750 788 1817 capillis,

233 1823 262 1874 ln
279 1835 367 1874 terram
384 1824 465 1891 posito
482 1824 634 1891 procubuere
651 1840 725 1891 genu.
920 1837 973 1874 220

197 1896 247 1955 Et,
265 1900 332 1963 quasi
346 1899 480 1957 sentirent,
497 1897 585 1947 blando
603 1900 709 1949 clamore
723 1911 828 1963 nepotes

232 1971 379 2021 Tendebant
392 1972 422 2021 ad
436 1987 496 2022 avos
510 1972 608 2021 brachia
621 1964 696 2036 parva
710 1971 775 2023 suot.

199 2041 247 2106 Qui
263 2056 361 2110 poterat
373 2076 382 2100 ,
398 2045 515 2095 clamabat
527 2060 598 2093 avum
610 2076 619 2101 ,
632 2056 684 2093 tum
698 2044 804 2110 denique
817 2042 911 2102 vilumt

233 2116 265 2165 Et
280 2117 322 2183 qui
336 2118 379 2167 vix
391 2128 509 2180 poterat,
527 2114 595 2179 polle
609 2116 706 2168 cortilus
720 2130 782 2166 erat.

198 2186 260 2239 Tela
275 2188 334 2239 viris
350 2187 491 2254 animusque
505 2187 594 2237 cadunt
606 2200 613 2237 t
625 2187 759 2255 gladiisque
774 2188 892 2249 remotis,
917 2203 970 2252 225

233 2262 303 2312 Dant
318 2261 396 2312 soceri
413 2260 529 2328 generis,
545 2258 734 2327 accipiuntque,
751 2278 844 2313 manus.

198 2332 364 2402 Laudaturque
379 2347 465 2385 tenent
479 2346 566 2392 natat,
583 2334 701 2400 scutoque
715 2347 831 2401 nepotem
882 2340 887 2349 “

234 2406 292 2459 Fert
308 2424 366 2459 avus
379 2422 386 2458 t
399 2408 438 2457 hic
453 2408 513 2458 scuti
528 2406 623 2458 dulcior
636 2408 692 2459 usus
707 2420 771 2457 erat.

124 2542 125 2551 ἵ
199 2478 259 2535 lude
273 2481 353 2539 diem,
370 2496 424 2546 quae
437 2480 533 2546 prima,
551 2497 617 2531 meas
632 2482 757 2531 celebrare
770 2479 885 2533 kalendas

188 2566 192 2571 ·
236 2551 356 2604 ‹Ebattdes
372 2566 460 2604 matres
476 2571 526 2603 non
542 2555 599 2605 leve
615 2571 700 2605 munus
716 2555 816 2605 babent.
917 2563 971 2615 230

199 2622 259 2681 An,
277 2626 331 2691 quia
346 2627 463 2677 committi
479 2626 560 2677 stridis
575 2629 730 2679 mucronibus
744 2628 824 2688 aulae.

234 2698 356 2749 Finierant
370 2700 481 2767 lacrymis
496 2699 587 2749 Martia
602 2701 666 2751 bella
681 2698 752 2751 luis?

197 2770 247 2825 vel
264 2772 329 2837 quod
343 2785 397 2823 erat
410 2774 441 2822 de
456 2788 496 2822 me
513 2771 618 2823 feliciter
634 2774 679 2825 llia
694 2784 791 2832 mater,

233 2843 291 2894 Rite
309 2847 392 2895 colunt
406 2850 501 2896 matres'
512 2846 595 2905 sacra,
612 2847 724 2913 diemque
739 2842 842 2896 meum?

198 2914 265 2981 Quid
276 2918 341 2981 quod
349 2918 557 2985 hiems,adoperta
566 2920 633 2987 gelu,
641 2936 705 2969 nunc
715 2919 820 2982 denique
828 2914 905 2971 cedit;
917 2924 967 2976 235

232 2990 266 3039 Et
282 3002 385 3055 pereunt
400 2992 486 3049 villae,
502 2990 552 3043 sole
569 3005 689 3058 tepente,
704 2990 784 3039 nivea.

197 3061 332 3113 Arboribus
348 3064 449 3114 redeunt
465 3066 571 3115 detonsae
587 3067 679 3132 frigore
696 3061 815 3118 frondet,

232 3136 374 3203 Vividaque
390 3153 404 3187 e
418 3149 506 3189 teneto
517 3138 616 3204 palmite
631 3151 725 3205 gemma
740 3144 828 3183 tumet.
