<?xml version="1.0" encoding="UTF-8"?>
<!DOCTYPE html PUBLIC "-//W3C//DTD XHTML 1.0 Transitional//EN"
    "http://www.w3.org/TR/xhtml1/DTD/xhtml1-transitional.dtd">
<html xmlns="http://www.w3.org/1999/xhtml" xml:lang="en" lang="en">
 <head>
  <title>
</title>
<meta http-equiv="Content-Type" content="text/html;charset=utf-8" />
  <meta name='ocr-system' content='tesseract 3.04.00' />
  <meta name='ocr-capabilities' content='ocr_page ocr_carea ocr_par ocr_line ocrx_word'/>
</head>
<body>
  <div class='ocr_page' id='page_1' title='image "./povidiinasoniso01heingoog_0034.png"; bbox 0 0 2367 3942; ppageno 0'>
   <div class='ocr_carea' id='block_1_1' title="bbox 122 150 1082 346">
    <p class='ocr_par' dir='ltr' id='par_1_1' title="bbox 122 150 1082 464">
     <span class='ocr_line' id='line_1_1' title="bbox 122 150 1082 346; baseline 0.001 117"><span class='ocrx_word' id='word_1_1' title='bbox 122 150 1082 346; x_wconf 55' lang='grc'><em>““““““““““</em></span> 
     </span>
    </p>
   </div>
   <div class='ocr_carea' id='block_1_2' title="bbox 265 516 878 634">
    <p class='ocr_par' dir='ltr' id='par_1_2' title="bbox 265 516 878 634">
     <span class='ocr_line' id='line_1_2' title="bbox 265 516 878 634; baseline 0.003 -23"><span class='ocrx_word' id='word_1_2' title='bbox 265 516 585 615; x_wconf 64' lang='lat' dir='ltr'>Horonon</span> <span class='ocrx_word' id='word_1_3' title='bbox 609 544 776 615; x_wconf 66' lang='grc' dir='ltr'>ΖΛΜ.</span> <span class='ocrx_word' id='word_1_4' title='bbox 828 562 878 634; x_wconf 83' lang='lat'>29</span> 
     </span>
    </p>
   </div>
   <div class='ocr_carea' id='block_1_3' title="bbox 153 650 938 3213">
    <p class='ocr_par' dir='ltr' id='par_1_3' title="bbox 177 650 803 806">
     <span class='ocr_line' id='line_1_3' title="bbox 177 650 803 731; baseline 0.021 -29"><span class='ocrx_word' id='word_1_5' title='bbox 177 650 227 705; x_wconf 86' lang='lat' dir='ltr'>Non</span> <span class='ocrx_word' id='word_1_6' title='bbox 237 664 310 715; x_wconf 85' lang='lat' dir='ltr'>meriti</span> <span class='ocrx_word' id='word_1_7' title='bbox 320 682 417 731; x_wconf 86' lang='lat' dir='ltr'>poenam</span> <span class='ocrx_word' id='word_1_8' title='bbox 427 665 518 730; x_wconf 80' lang='lat' dir='ltr'>pateris</span> <span class='ocrx_word' id='word_1_9' title='bbox 529 698 536 722; x_wconf 91' lang='lat'>,</span> <span class='ocrx_word' id='word_1_10' title='bbox 551 663 592 715; x_wconf 91' lang='lat' dir='ltr'>sed</span> <span class='ocrx_word' id='word_1_11' title='bbox 602 664 713 714; x_wconf 77' lang='lat' dir='ltr'>Numinis</span> <span class='ocrx_word' id='word_1_12' title='bbox 725 666 784 715; x_wconf 84' lang='lat' dir='ltr'>iram</span> <span class='ocrx_word' id='word_1_13' title='bbox 795 680 803 715; x_wconf 81' lang='lat' dir='ltr'>t</span> 
     </span>
     <span class='ocr_line' id='line_1_4' title="bbox 208 730 726 806; baseline 0.021 -28"><span class='ocrx_word' id='word_1_14' title='bbox 208 730 242 781; x_wconf 81' lang='lat' dir='ltr'>Est</span> <span class='ocrx_word' id='word_1_15' title='bbox 252 737 338 804; x_wconf 91' lang='lat' dir='ltr'>aliquid</span> <span class='ocrx_word' id='word_1_16' title='bbox 349 740 440 806; x_wconf 80' lang='lat' dir='ltr'>magnis</span> <span class='ocrx_word' id='word_1_17' title='bbox 452 739 544 787; x_wconf 87' lang='lat' dir='ltr'>crimen</span> <span class='ocrx_word' id='word_1_18' title='bbox 558 736 635 787; x_wconf 78' lang='lat' dir='ltr'>abesse</span> <span class='ocrx_word' id='word_1_19' title='bbox 648 739 726 789; x_wconf 83' lang='lat' dir='ltr'>malis.</span> 
     </span>
    </p>

    <p class='ocr_par' dir='ltr' id='par_1_4' title="bbox 177 798 934 951">
     <span class='ocr_line' id='line_1_5' title="bbox 177 798 934 878; baseline 0.012 -27"><span class='ocrx_word' id='word_1_20' title='bbox 177 798 268 855; x_wconf 84' lang='lat' dir='ltr'>Conscia</span> <span class='ocrx_word' id='word_1_21' title='bbox 277 828 345 862; x_wconf 86' lang='lat' dir='ltr'>mens</span> <span class='ocrx_word' id='word_1_22' title='bbox 355 824 382 861; x_wconf 90' lang='lat' dir='ltr'>ut</span> <span class='ocrx_word' id='word_1_23' title='bbox 397 812 483 878; x_wconf 87' lang='lat' dir='ltr'>cuique</span> <span class='ocrx_word' id='word_1_24' title='bbox 500 810 540 860; x_wconf 85' lang='lat' dir='ltr'>sua</span> <span class='ocrx_word' id='word_1_25' title='bbox 550 810 583 860; x_wconf 83' lang='lat' dir='ltr'>esi</span> <span class='ocrx_word' id='word_1_26' title='bbox 596 844 603 869; x_wconf 92' lang='lat'>,</span> <span class='ocrx_word' id='word_1_27' title='bbox 618 811 651 860; x_wconf 85' lang='lat' dir='ltr'>ita</span> <span class='ocrx_word' id='word_1_28' title='bbox 661 811 769 876; x_wconf 81' lang='lat' dir='ltr'>concipit</span> <span class='ocrx_word' id='word_1_29' title='bbox 782 812 845 861; x_wconf 85' lang='lat' dir='ltr'>intra</span> <span class='ocrx_word' id='word_1_30' title='bbox 882 811 916 873; x_wconf 83' lang='lat'>48</span> <span class='ocrx_word' id='word_1_31' title='bbox 923 827 934 873; x_wconf 99' lang='lat'><em>5</em></span> 
     </span>
     <span class='ocr_line' id='line_1_6' title="bbox 205 874 773 951; baseline 0.011 -23"><span class='ocrx_word' id='word_1_32' title='bbox 205 874 302 932; x_wconf 78' lang='lat' dir='ltr'>Peoora</span> <span class='ocrx_word' id='word_1_33' title='bbox 315 900 359 949; x_wconf 88' lang='lat' dir='ltr'>pro</span> <span class='ocrx_word' id='word_1_34' title='bbox 369 885 431 935; x_wconf 77' lang='lat' dir='ltr'>sesto</span> <span class='ocrx_word' id='word_1_35' title='bbox 442 886 556 951; x_wconf 82' lang='lat' dir='ltr'>spemque</span> <span class='ocrx_word' id='word_1_36' title='bbox 567 896 705 950; x_wconf 86' lang='lat' dir='ltr'>metumque</span> <span class='ocrx_word' id='word_1_37' title='bbox 720 885 773 934; x_wconf 84' lang='lat' dir='ltr'>suo.</span> 
     </span>
    </p>

    <p class='ocr_par' dir='ltr' id='par_1_5' title="bbox 171 945 844 1096">
     <span class='ocr_line' id='line_1_7' title="bbox 171 945 844 1024; baseline 0.015 -25"><span class='ocrx_word' id='word_1_38' title='bbox 171 945 220 999; x_wconf 88' lang='lat' dir='ltr'>Nec</span> <span class='ocrx_word' id='word_1_39' title='bbox 228 964 329 1014; x_wconf 84' lang='lat' dir='ltr'>tamen,</span> <span class='ocrx_word' id='word_1_40' title='bbox 347 968 375 1007; x_wconf 92' lang='lat' dir='ltr'>ut</span> <span class='ocrx_word' id='word_1_41' title='bbox 384 959 470 1023; x_wconf 87' lang='lat' dir='ltr'>primus</span> <span class='ocrx_word' id='word_1_42' title='bbox 482 991 490 1017; x_wconf 95' lang='lat'>,</span> <span class='ocrx_word' id='word_1_43' title='bbox 506 974 597 1016; x_wconf 86' lang='lat' dir='ltr'>maere,</span> <span class='ocrx_word' id='word_1_44' title='bbox 614 958 674 1007; x_wconf 81' lang='lat' dir='ltr'>mala</span> <span class='ocrx_word' id='word_1_45' title='bbox 683 958 740 1007; x_wconf 87' lang='lat' dir='ltr'>talia</span> <span class='ocrx_word' id='word_1_46' title='bbox 749 958 844 1024; x_wconf 72' lang='lat' dir='ltr'>passus,</span> 
     </span>
     <span class='ocr_line' id='line_1_8' title="bbox 202 1023 670 1096; baseline 0.013 -22"><span class='ocrx_word' id='word_1_47' title='bbox 202 1023 293 1077; x_wconf 84' lang='lat' dir='ltr'>Obruit</span> <span class='ocrx_word' id='word_1_48' title='bbox 303 1028 412 1096; x_wconf 84' lang='lat' dir='ltr'>ingentes</span> <span class='ocrx_word' id='word_1_49' title='bbox 423 1030 462 1079; x_wconf 88' lang='lat' dir='ltr'>ista</span> <span class='ocrx_word' id='word_1_50' title='bbox 473 1032 582 1096; x_wconf 86' lang='lat' dir='ltr'>procella</span> <span class='ocrx_word' id='word_1_51' title='bbox 593 1031 670 1080; x_wconf 82' lang='lat' dir='ltr'>viros.</span> 
     </span>
    </p>

    <p class='ocr_par' dir='ltr' id='par_1_6' title="bbox 168 1090 935 1242">
     <span class='ocr_line' id='line_1_9' title="bbox 168 1090 826 1171; baseline 0.018 -27"><span class='ocrx_word' id='word_1_52' title='bbox 168 1090 242 1147; x_wconf 81' lang='lat' dir='ltr'>Passus</span> <span class='ocrx_word' id='word_1_53' title='bbox 252 1099 319 1151; x_wconf 87' lang='lat' dir='ltr'>idem</span> <span class='ocrx_word' id='word_1_54' title='bbox 330 1135 337 1161; x_wconf 94' lang='lat'>,</span> <span class='ocrx_word' id='word_1_55' title='bbox 356 1103 486 1171; x_wconf 78' lang='lat' dir='ltr'>Tyriisqui</span> <span class='ocrx_word' id='word_1_56' title='bbox 497 1104 617 1170; x_wconf 86' lang='lat' dir='ltr'>quondam</span> <span class='ocrx_word' id='word_1_57' title='bbox 627 1104 708 1170; x_wconf 87' lang='lat' dir='ltr'>pulsus</span> <span class='ocrx_word' id='word_1_58' title='bbox 717 1105 747 1153; x_wconf 86' lang='lat' dir='ltr'>ab</span> <span class='ocrx_word' id='word_1_59' title='bbox 758 1105 805 1156; x_wconf 88' lang='lat' dir='ltr'>oris</span> <span class='ocrx_word' id='word_1_60' title='bbox 817 1140 826 1163; x_wconf 98' lang='lat'>,</span> 
     </span>
     <span class='ocr_line' id='line_1_10' title="bbox 204 1168 935 1242; baseline 0.007 -20"><span class='ocrx_word' id='word_1_61' title='bbox 204 1168 309 1225; x_wconf 79' lang='lat' dir='ltr'>Cadmus</span> <span class='ocrx_word' id='word_1_62' title='bbox 322 1208 329 1233; x_wconf 95' lang='lat'>,</span> <span class='ocrx_word' id='word_1_63' title='bbox 346 1176 370 1225; x_wconf 92' lang='lat' dir='ltr'>in</span> <span class='ocrx_word' id='word_1_64' title='bbox 381 1176 461 1228; x_wconf 80' lang='lat' dir='ltr'>Aonia</span> <span class='ocrx_word' id='word_1_65' title='bbox 477 1176 582 1227; x_wconf 82' lang='lat' dir='ltr'>constitit</span> <span class='ocrx_word' id='word_1_66' title='bbox 594 1177 659 1227; x_wconf 84' lang='lat' dir='ltr'>exsul</span> <span class='ocrx_word' id='word_1_67' title='bbox 669 1180 753 1227; x_wconf 88' lang='lat' dir='ltr'>humo.</span> <span class='ocrx_word' id='word_1_68' title='bbox 881 1192 935 1242; x_wconf 84' lang='lat'>490</span> 
     </span>
    </p>

    <p class='ocr_par' dir='ltr' id='par_1_7' title="bbox 166 1236 794 1391">
     <span class='ocr_line' id='line_1_11' title="bbox 166 1236 794 1317; baseline 0.016 -28"><span class='ocrx_word' id='word_1_69' title='bbox 166 1236 240 1295; x_wconf 79' lang='lat' dir='ltr'>Passus</span> <span class='ocrx_word' id='word_1_70' title='bbox 250 1247 315 1299; x_wconf 87' lang='lat' dir='ltr'>idem</span> <span class='ocrx_word' id='word_1_71' title='bbox 326 1249 427 1317; x_wconf 84' lang='lat' dir='ltr'>Tydeus</span> <span class='ocrx_word' id='word_1_72' title='bbox 438 1284 446 1308; x_wconf 89' lang='lat'>,</span> <span class='ocrx_word' id='word_1_73' title='bbox 465 1250 564 1301; x_wconf 87' lang='lat' dir='ltr'>&amp;idem</span> <span class='ocrx_word' id='word_1_74' title='bbox 577 1249 693 1317; x_wconf 84' lang='lat' dir='ltr'>Pagaseos</span> <span class='ocrx_word' id='word_1_75' title='bbox 705 1251 774 1301; x_wconf 84' lang='lat' dir='ltr'>lason</span> <span class='ocrx_word' id='word_1_76' title='bbox 784 1268 794 1310; x_wconf 92' lang='lat'>;</span> 
     </span>
     <span class='ocr_line' id='line_1_12' title="bbox 200 1315 761 1391; baseline 0 -20"><span class='ocrx_word' id='word_1_77' title='bbox 200 1315 232 1366; x_wconf 89' lang='lat' dir='ltr'>Et</span> <span class='ocrx_word' id='word_1_78' title='bbox 242 1338 304 1387; x_wconf 81' lang='lat' dir='ltr'>quos</span> <span class='ocrx_word' id='word_1_79' title='bbox 318 1336 437 1389; x_wconf 81' lang='lat' dir='ltr'>praeterea</span> <span class='ocrx_word' id='word_1_80' title='bbox 448 1324 521 1391; x_wconf 84' lang='lat' dir='ltr'>longa</span> <span class='ocrx_word' id='word_1_81' title='bbox 535 1324 626 1373; x_wconf 81' lang='lat' dir='ltr'>referre</span> <span class='ocrx_word' id='word_1_82' title='bbox 641 1341 708 1373; x_wconf 86' lang='lat' dir='ltr'>mora</span> <span class='ocrx_word' id='word_1_83' title='bbox 719 1323 761 1372; x_wconf 81' lang='lat' dir='ltr'>est.</span> 
     </span>
    </p>

    <p class='ocr_par' dir='ltr' id='par_1_8' title="bbox 167 1384 833 1535">
     <span class='ocr_line' id='line_1_13' title="bbox 167 1384 833 1463; baseline 0.012 -25"><span class='ocrx_word' id='word_1_84' title='bbox 167 1384 244 1442; x_wconf 85' lang='lat' dir='ltr'>Omne</span> <span class='ocrx_word' id='word_1_85' title='bbox 259 1395 336 1445; x_wconf 87' lang='lat' dir='ltr'>solum</span> <span class='ocrx_word' id='word_1_86' title='bbox 346 1397 404 1447; x_wconf 88' lang='lat' dir='ltr'>sorti</span> <span class='ocrx_word' id='word_1_87' title='bbox 415 1397 493 1463; x_wconf 86' lang='lat' dir='ltr'>patria</span> <span class='ocrx_word' id='word_1_88' title='bbox 505 1396 555 1455; x_wconf 89' lang='lat' dir='ltr'>est,</span> <span class='ocrx_word' id='word_1_89' title='bbox 575 1410 603 1446; x_wconf 90' lang='lat' dir='ltr'>ut</span> <span class='ocrx_word' id='word_1_90' title='bbox 612 1397 716 1462; x_wconf 82' lang='lat' dir='ltr'>piscibus</span> <span class='ocrx_word' id='word_1_91' title='bbox 729 1412 812 1462; x_wconf 79' lang='lat' dir='ltr'>aeqoor</span> <span class='ocrx_word' id='word_1_92' title='bbox 823 1412 833 1455; x_wconf 88' lang='lat'>;</span> 
     </span>
     <span class='ocr_line' id='line_1_14' title="bbox 198 1464 787 1535; baseline 0.007 -21"><span class='ocrx_word' id='word_1_93' title='bbox 198 1464 234 1514; x_wconf 92' lang='lat' dir='ltr'>Ut</span> <span class='ocrx_word' id='word_1_94' title='bbox 244 1469 342 1519; x_wconf 84' lang='lat' dir='ltr'>volucri</span> <span class='ocrx_word' id='word_1_95' title='bbox 352 1503 360 1527; x_wconf 94' lang='lat'>,</span> <span class='ocrx_word' id='word_1_96' title='bbox 378 1487 460 1519; x_wconf 86' lang='lat' dir='ltr'>vacuo</span> <span class='ocrx_word' id='word_1_97' title='bbox 471 1468 584 1535; x_wconf 88' lang='lat' dir='ltr'>quicquid</span> <span class='ocrx_word' id='word_1_98' title='bbox 598 1471 623 1520; x_wconf 88' lang='lat' dir='ltr'>in</span> <span class='ocrx_word' id='word_1_99' title='bbox 636 1472 697 1518; x_wconf 87' lang='lat' dir='ltr'>orbe</span> <span class='ocrx_word' id='word_1_100' title='bbox 709 1481 787 1535; x_wconf 83' lang='lat' dir='ltr'>patet.</span> 
     </span>
    </p>

    <p class='ocr_par' dir='ltr' id='par_1_9' title="bbox 163 1532 934 1678">
     <span class='ocr_line' id='line_1_15' title="bbox 163 1532 934 1609; baseline 0.01 -26"><span class='ocrx_word' id='word_1_101' title='bbox 163 1532 215 1585; x_wconf 89' lang='lat' dir='ltr'>Nec</span> <span class='ocrx_word' id='word_1_102' title='bbox 224 1539 277 1590; x_wconf 89' lang='lat' dir='ltr'>sera</span> <span class='ocrx_word' id='word_1_103' title='bbox 287 1542 418 1609; x_wconf 81' lang='lat' dir='ltr'>tempesias</span> <span class='ocrx_word' id='word_1_104' title='bbox 433 1554 489 1591; x_wconf 91' lang='lat' dir='ltr'>toto</span> <span class='ocrx_word' id='word_1_105' title='bbox 503 1554 585 1591; x_wconf 84' lang='lat' dir='ltr'>tamen</span> <span class='ocrx_word' id='word_1_106' title='bbox 592 1543 679 1591; x_wconf 80' lang='lat' dir='ltr'>homer</span> <span class='ocrx_word' id='word_1_107' title='bbox 693 1542 718 1589; x_wconf 91' lang='lat' dir='ltr'>in</span> <span class='ocrx_word' id='word_1_108' title='bbox 727 1553 812 1597; x_wconf 72' lang='lat' dir='ltr'>annot</span> <span class='ocrx_word' id='word_1_109' title='bbox 884 1556 934 1605; x_wconf 76' lang='lat'>495</span> 
     </span>
     <span class='ocr_line' id='line_1_16' title="bbox 194 1608 785 1678; baseline 0.002 -18"><span class='ocrx_word' id='word_1_110' title='bbox 194 1608 227 1661; x_wconf 84' lang='lat' dir='ltr'>Et</span> <span class='ocrx_word' id='word_1_111' title='bbox 239 1614 307 1674; x_wconf 87' lang='lat' dir='ltr'>tibi,</span> <span class='ocrx_word' id='word_1_112' title='bbox 323 1615 398 1664; x_wconf 88' lang='lat' dir='ltr'>crede</span> <span class='ocrx_word' id='word_1_113' title='bbox 410 1616 489 1671; x_wconf 85' lang='lat' dir='ltr'>mihi,</span> <span class='ocrx_word' id='word_1_114' title='bbox 503 1626 614 1678; x_wconf 84' lang='lat' dir='ltr'>tempora</span> <span class='ocrx_word' id='word_1_115' title='bbox 627 1613 692 1663; x_wconf 80' lang='lat' dir='ltr'>veris</span> <span class='ocrx_word' id='word_1_116' title='bbox 706 1626 785 1662; x_wconf 87' lang='lat' dir='ltr'>erunt.</span> 
     </span>
    </p>

    <p class='ocr_par' dir='ltr' id='par_1_10' title="bbox 158 1678 787 1826">
     <span class='ocr_line' id='line_1_17' title="bbox 158 1678 787 1753; baseline -0.002 -16"><span class='ocrx_word' id='word_1_117' title='bbox 158 1678 292 1745; x_wconf 76' lang='lat' dir='ltr'>¹Vocibus,</span> <span class='ocrx_word' id='word_1_118' title='bbox 308 1687 443 1744; x_wconf 83' lang='lat' dir='ltr'>Evander,</span> <span class='ocrx_word' id='word_1_119' title='bbox 460 1684 554 1734; x_wconf 77' lang='lat' dir='ltr'>firmati</span> <span class='ocrx_word' id='word_1_120' title='bbox 568 1696 650 1735; x_wconf 89' lang='lat' dir='ltr'>mente</span> <span class='ocrx_word' id='word_1_121' title='bbox 663 1686 787 1753; x_wconf 85' lang='lat' dir='ltr'>parentis,</span> 
     </span>
     <span class='ocr_line' id='line_1_18' title="bbox 194 1756 758 1826; baseline 0.005 -21"><span class='ocrx_word' id='word_1_122' title='bbox 194 1756 272 1808; x_wconf 83' lang='lat' dir='ltr'>Nave</span> <span class='ocrx_word' id='word_1_123' title='bbox 285 1759 353 1809; x_wconf 87' lang='lat' dir='ltr'>secat</span> <span class='ocrx_word' id='word_1_124' title='bbox 362 1758 465 1817; x_wconf 65' lang='lat' dir='ltr'>nunus,</span> <span class='ocrx_word' id='word_1_125' title='bbox 483 1758 669 1826; x_wconf 84' lang='lat' dir='ltr'>Hesperiamque</span> <span class='ocrx_word' id='word_1_126' title='bbox 679 1770 758 1810; x_wconf 86' lang='lat' dir='ltr'>tenet.</span> 
     </span>
    </p>

    <p class='ocr_par' dir='ltr' id='par_1_11' title="bbox 158 1824 935 1974">
     <span class='ocr_line' id='line_1_19' title="bbox 158 1824 873 1898; baseline 0.007 -18"><span class='ocrx_word' id='word_1_127' title='bbox 158 1824 262 1898; x_wconf 86' lang='lat' dir='ltr'>Jamque</span> <span class='ocrx_word' id='word_1_128' title='bbox 273 1846 371 1891; x_wconf 88' lang='lat' dir='ltr'>ratem,</span> <span class='ocrx_word' id='word_1_129' title='bbox 389 1832 466 1883; x_wconf 76' lang='lat' dir='ltr'>dosiae</span> <span class='ocrx_word' id='word_1_130' title='bbox 475 1834 565 1883; x_wconf 90' lang='lat' dir='ltr'>monitu</span> <span class='ocrx_word' id='word_1_131' title='bbox 578 1832 729 1892; x_wconf 75' lang='lat' dir='ltr'>Carmentis,</span> <span class='ocrx_word' id='word_1_132' title='bbox 746 1833 771 1883; x_wconf 91' lang='lat' dir='ltr'>in</span> <span class='ocrx_word' id='word_1_133' title='bbox 781 1850 873 1885; x_wconf 87' lang='lat' dir='ltr'>amnem</span> 
     </span>
     <span class='ocr_line' id='line_1_20' title="bbox 194 1903 935 1974; baseline 0.003 -19"><span class='ocrx_word' id='word_1_134' title='bbox 194 1903 306 1973; x_wconf 83' lang='lat' dir='ltr'>Egerat,</span> <span class='ocrx_word' id='word_1_135' title='bbox 326 1906 464 1958; x_wconf 86' lang='lat' dir='ltr'>&amp;Thuscis</span> <span class='ocrx_word' id='word_1_136' title='bbox 475 1909 559 1958; x_wconf 82' lang='lat' dir='ltr'>obvius</span> <span class='ocrx_word' id='word_1_137' title='bbox 571 1908 621 1957; x_wconf 85' lang='lat' dir='ltr'>ibat</span> <span class='ocrx_word' id='word_1_138' title='bbox 632 1908 708 1974; x_wconf 88' lang='lat' dir='ltr'>aquis.</span> <span class='ocrx_word' id='word_1_139' title='bbox 884 1924 935 1973; x_wconf 78' lang='lat'>500</span> 
     </span>
    </p>

    <p class='ocr_par' dir='ltr' id='par_1_12' title="bbox 158 1974 832 2120">
     <span class='ocr_line' id='line_1_21' title="bbox 158 1974 832 2045; baseline 0.004 -18"><span class='ocrx_word' id='word_1_140' title='bbox 158 1974 274 2030; x_wconf 79' lang='lat' dir='ltr'>Fluminis</span> <span class='ocrx_word' id='word_1_141' title='bbox 285 1982 328 2032; x_wconf 86' lang='lat' dir='ltr'>iiia</span> <span class='ocrx_word' id='word_1_142' title='bbox 342 1982 422 2039; x_wconf 82' lang='lat' dir='ltr'>latus,</span> <span class='ocrx_word' id='word_1_143' title='bbox 438 1981 477 2031; x_wconf 88' lang='lat' dir='ltr'>cui</span> <span class='ocrx_word' id='word_1_144' title='bbox 489 1982 541 2031; x_wconf 87' lang='lat' dir='ltr'>sunt</span> <span class='ocrx_word' id='word_1_145' title='bbox 551 1982 612 2030; x_wconf 86' lang='lat' dir='ltr'>vada</span> <span class='ocrx_word' id='word_1_146' title='bbox 622 1980 703 2045; x_wconf 68' lang='lat' dir='ltr'>junfta</span> <span class='ocrx_word' id='word_1_147' title='bbox 712 1979 832 2041; x_wconf 84' lang='lat' dir='ltr'>Terenti,</span> 
     </span>
     <span class='ocr_line' id='line_1_22' title="bbox 193 2050 791 2120; baseline 0.005 -20"><span class='ocrx_word' id='word_1_148' title='bbox 193 2050 326 2118; x_wconf 78' lang='lat' dir='ltr'>Adspicit,</span> <span class='ocrx_word' id='word_1_149' title='bbox 345 2054 469 2119; x_wconf 87' lang='lat' dir='ltr'>&amp;sparsas</span> <span class='ocrx_word' id='word_1_150' title='bbox 483 2071 526 2120; x_wconf 88' lang='lat' dir='ltr'>per</span> <span class='ocrx_word' id='word_1_151' title='bbox 536 2057 590 2104; x_wconf 86' lang='lat' dir='ltr'>loca</span> <span class='ocrx_word' id='word_1_152' title='bbox 605 2053 655 2103; x_wconf 85' lang='lat' dir='ltr'>sola</span> <span class='ocrx_word' id='word_1_153' title='bbox 667 2053 740 2103; x_wconf 84' lang='lat' dir='ltr'>casas.</span> <span class='ocrx_word' id='word_1_154' title='bbox 787 2076 791 2082; x_wconf 95' lang='lat'>·</span> 
     </span>
    </p>

    <p class='ocr_par' dir='ltr' id='par_1_13' title="bbox 159 2120 835 2265">
     <span class='ocr_line' id='line_1_23' title="bbox 159 2120 835 2191; baseline 0.006 -19"><span class='ocrx_word' id='word_1_155' title='bbox 159 2120 241 2190; x_wconf 88' lang='lat' dir='ltr'>thue</span> <span class='ocrx_word' id='word_1_156' title='bbox 252 2140 310 2177; x_wconf 87' lang='lat' dir='ltr'>erat</span> <span class='ocrx_word' id='word_1_157' title='bbox 322 2158 330 2183; x_wconf 89' lang='lat'>,</span> <span class='ocrx_word' id='word_1_158' title='bbox 347 2126 460 2176; x_wconf 80' lang='lat' dir='ltr'>immissis</span> <span class='ocrx_word' id='word_1_159' title='bbox 473 2128 570 2191; x_wconf 87' lang='lat' dir='ltr'>puppim</span> <span class='ocrx_word' id='word_1_160' title='bbox 580 2126 644 2175; x_wconf 84' lang='lat' dir='ltr'>stetit</span> <span class='ocrx_word' id='word_1_161' title='bbox 658 2138 714 2175; x_wconf 87' lang='lat' dir='ltr'>ante</span> <span class='ocrx_word' id='word_1_162' title='bbox 725 2126 835 2191; x_wconf 73' lang='lat' dir='ltr'>capillis3</span> 
     </span>
     <span class='ocr_line' id='line_1_24' title="bbox 193 2198 765 2265; baseline -0.005 -16"><span class='ocrx_word' id='word_1_163' title='bbox 193 2198 379 2265; x_wconf 86' lang='lat' dir='ltr'>Continuitque</span> <span class='ocrx_word' id='word_1_164' title='bbox 394 2215 489 2247; x_wconf 90' lang='lat' dir='ltr'>manum</span> <span class='ocrx_word' id='word_1_165' title='bbox 504 2212 574 2247; x_wconf 85' lang='lat' dir='ltr'>torva</span> <span class='ocrx_word' id='word_1_166' title='bbox 588 2198 695 2265; x_wconf 83' lang='lat' dir='ltr'>regentis</span> <span class='ocrx_word' id='word_1_167' title='bbox 707 2199 765 2249; x_wconf 85' lang='lat' dir='ltr'>iter.</span> 
     </span>
    </p>

    <p class='ocr_par' dir='ltr' id='par_1_14' title="bbox 158 2267 932 2409">
     <span class='ocr_line' id='line_1_25' title="bbox 158 2267 932 2339; baseline 0.004 -20"><span class='ocrx_word' id='word_1_168' title='bbox 158 2267 189 2319; x_wconf 87' lang='lat' dir='ltr'>Et</span> <span class='ocrx_word' id='word_1_169' title='bbox 198 2275 290 2335; x_wconf 84' lang='lat' dir='ltr'>procus</span> <span class='ocrx_word' id='word_1_170' title='bbox 306 2271 333 2320; x_wconf 91' lang='lat' dir='ltr'>in</span> <span class='ocrx_word' id='word_1_171' title='bbox 344 2271 453 2321; x_wconf 86' lang='lat' dir='ltr'>dextram</span> <span class='ocrx_word' id='word_1_172' title='bbox 463 2272 564 2321; x_wconf 80' lang='lat' dir='ltr'>tendens</span> <span class='ocrx_word' id='word_1_173' title='bbox 578 2272 618 2321; x_wconf 86' lang='lat' dir='ltr'>sua</span> <span class='ocrx_word' id='word_1_174' title='bbox 627 2270 724 2321; x_wconf 83' lang='lat' dir='ltr'>brachia</span> <span class='ocrx_word' id='word_1_175' title='bbox 734 2271 825 2339; x_wconf 87' lang='lat' dir='ltr'>ripam,</span> <span class='ocrx_word' id='word_1_176' title='bbox 884 2286 932 2335; x_wconf 88' lang='lat'>505</span> 
     </span>
     <span class='ocr_line' id='line_1_26' title="bbox 194 2342 680 2409; baseline 0.004 -17"><span class='ocrx_word' id='word_1_177' title='bbox 194 2342 271 2395; x_wconf 85' lang='lat' dir='ltr'>Pinea</span> <span class='ocrx_word' id='word_1_178' title='bbox 283 2362 337 2395; x_wconf 91' lang='lat' dir='ltr'>non</span> <span class='ocrx_word' id='word_1_179' title='bbox 347 2344 404 2393; x_wconf 84' lang='lat' dir='ltr'>sano</span> <span class='ocrx_word' id='word_1_180' title='bbox 415 2357 453 2394; x_wconf 90' lang='lat' dir='ltr'>ter</span> <span class='ocrx_word' id='word_1_181' title='bbox 464 2345 526 2409; x_wconf 89' lang='lat' dir='ltr'>pede</span> <span class='ocrx_word' id='word_1_182' title='bbox 537 2358 603 2395; x_wconf 85' lang='lat' dir='ltr'>texta</span> <span class='ocrx_word' id='word_1_183' title='bbox 614 2344 680 2394; x_wconf 83' lang='lat' dir='ltr'>ferit.</span> 
     </span>
    </p>

    <p class='ocr_par' dir='ltr' id='par_1_15' title="bbox 156 2415 777 2556">
     <span class='ocr_line' id='line_1_27' title="bbox 156 2415 777 2484; baseline 0.005 -19"><span class='ocrx_word' id='word_1_184' title='bbox 156 2415 227 2468; x_wconf 82' lang='lat' dir='ltr'>Neve</span> <span class='ocrx_word' id='word_1_185' title='bbox 240 2419 314 2469; x_wconf 79' lang='lat' dir='ltr'>daret</span> <span class='ocrx_word' id='word_1_186' title='bbox 330 2418 414 2467; x_wconf 88' lang='lat' dir='ltr'>saltum</span> <span class='ocrx_word' id='word_1_187' title='bbox 424 2435 555 2484; x_wconf 82' lang='lat' dir='ltr'>properans</span> <span class='ocrx_word' id='word_1_188' title='bbox 565 2418 674 2467; x_wconf 78' lang='lat' dir='ltr'>insistere</span> <span class='ocrx_word' id='word_1_189' title='bbox 687 2430 777 2475; x_wconf 81' lang='lat' dir='ltr'>terrae,</span> 
     </span>
     <span class='ocr_line' id='line_1_28' title="bbox 191 2490 709 2556; baseline -0.004 -15"><span class='ocrx_word' id='word_1_190' title='bbox 191 2492 244 2541; x_wconf 85' lang='lat' dir='ltr'>Vix</span> <span class='ocrx_word' id='word_1_191' title='bbox 255 2492 293 2541; x_wconf 88' lang='lat' dir='ltr'>est</span> <span class='ocrx_word' id='word_1_192' title='bbox 304 2490 411 2540; x_wconf 86' lang='lat' dir='ltr'>Evandri</span> <span class='ocrx_word' id='word_1_193' title='bbox 424 2491 512 2556; x_wconf 82' lang='lat' dir='ltr'>vixque</span> <span class='ocrx_word' id='word_1_194' title='bbox 521 2503 617 2541; x_wconf 86' lang='lat' dir='ltr'>retenta</span> <span class='ocrx_word' id='word_1_195' title='bbox 629 2506 709 2539; x_wconf 91' lang='lat' dir='ltr'>manu.</span> 
     </span>
    </p>

    <p class='ocr_par' dir='ltr' id='par_1_16' title="bbox 154 2560 938 2704">
     <span class='ocr_line' id='line_1_29' title="bbox 154 2560 756 2629; baseline -0.003 -16"><span class='ocrx_word' id='word_1_196' title='bbox 154 2560 241 2629; x_wconf 84' lang='lat' dir='ltr'>Dique</span> <span class='ocrx_word' id='word_1_197' title='bbox 255 2564 411 2629; x_wconf 84' lang='lat' dir='ltr'>petitorum,</span> <span class='ocrx_word' id='word_1_198' title='bbox 431 2563 506 2621; x_wconf 84' lang='lat' dir='ltr'>dixit,</span> <span class='ocrx_word' id='word_1_199' title='bbox 526 2564 616 2613; x_wconf 86' lang='lat' dir='ltr'>salvete</span> <span class='ocrx_word' id='word_1_200' title='bbox 627 2564 756 2622; x_wconf 68' lang='lat' dir='ltr'>locorum</span> 
     </span>
     <span class='ocr_line' id='line_1_30' title="bbox 190 2636 938 2704; baseline -0.001 -19"><span class='ocrx_word' id='word_1_201' title='bbox 190 2637 286 2704; x_wconf 88' lang='lat' dir='ltr'>Tuque</span> <span class='ocrx_word' id='word_1_202' title='bbox 298 2653 379 2686; x_wconf 87' lang='lat' dir='ltr'>novos</span> <span class='ocrx_word' id='word_1_203' title='bbox 393 2639 458 2686; x_wconf 84' lang='lat' dir='ltr'>coelo</span> <span class='ocrx_word' id='word_1_204' title='bbox 467 2649 532 2686; x_wconf 82' lang='lat' dir='ltr'>terra</span> <span class='ocrx_word' id='word_1_205' title='bbox 543 2637 627 2686; x_wconf 89' lang='lat' dir='ltr'>datura</span> <span class='ocrx_word' id='word_1_206' title='bbox 640 2636 718 2693; x_wconf 85' lang='lat' dir='ltr'>deos;</span> <span class='ocrx_word' id='word_1_207' title='bbox 887 2651 938 2694; x_wconf 86' lang='lat'>510</span> 
     </span>
    </p>

    <p class='ocr_par' dir='ltr' id='par_1_17' title="bbox 155 2708 899 2846">
     <span class='ocr_line' id='line_1_31' title="bbox 155 2708 899 2777; baseline 0 -20"><span class='ocrx_word' id='word_1_208' title='bbox 155 2708 319 2777; x_wconf 79' lang='lat' dir='ltr'>Fluminaque</span> <span class='ocrx_word' id='word_1_209' title='bbox 330 2744 337 2767; x_wconf 94' lang='lat'>,</span> <span class='ocrx_word' id='word_1_210' title='bbox 357 2709 383 2759; x_wconf 87' lang='lat'>&amp;</span> <span class='ocrx_word' id='word_1_211' title='bbox 395 2710 504 2767; x_wconf 81' lang='lat' dir='ltr'>Fontes,</span> <span class='ocrx_word' id='word_1_212' title='bbox 523 2710 607 2776; x_wconf 89' lang='lat' dir='ltr'>quibus</span> <span class='ocrx_word' id='word_1_213' title='bbox 618 2712 693 2759; x_wconf 90' lang='lat' dir='ltr'>utitur</span> <span class='ocrx_word' id='word_1_214' title='bbox 702 2709 795 2775; x_wconf 78' lang='lat' dir='ltr'>hospita</span> <span class='ocrx_word' id='word_1_215' title='bbox 808 2710 881 2759; x_wconf 88' lang='lat' dir='ltr'>tellus</span> <span class='ocrx_word' id='word_1_216' title='bbox 892 2743 899 2766; x_wconf 94' lang='lat'>,</span> 
     </span>
     <span class='ocr_line' id='line_1_32' title="bbox 189 2782 760 2846; baseline -0.005 -13"><span class='ocrx_word' id='word_1_217' title='bbox 189 2783 224 2833; x_wconf 84' lang='lat' dir='ltr'>Et</span> <span class='ocrx_word' id='word_1_218' title='bbox 234 2800 369 2833; x_wconf 86' lang='lat' dir='ltr'>nemorum</span> <span class='ocrx_word' id='word_1_219' title='bbox 379 2783 451 2833; x_wconf 84' lang='lat' dir='ltr'>Divae</span> <span class='ocrx_word' id='word_1_220' title='bbox 463 2816 470 2841; x_wconf 98' lang='lat'>,</span> <span class='ocrx_word' id='word_1_221' title='bbox 488 2782 657 2846; x_wconf 82' lang='lat' dir='ltr'>Naiadumque</span> <span class='ocrx_word' id='word_1_222' title='bbox 672 2783 740 2831; x_wconf 85' lang='lat' dir='ltr'>chori</span> <span class='ocrx_word' id='word_1_223' title='bbox 749 2798 760 2839; x_wconf 81' lang='lat'>3</span> 
     </span>
    </p>

    <p class='ocr_par' dir='ltr' id='par_1_18' title="bbox 153 2854 706 2995">
     <span class='ocr_line' id='line_1_33' title="bbox 153 2854 706 2922; baseline -0.002 -17"><span class='ocrx_word' id='word_1_224' title='bbox 153 2854 208 2906; x_wconf 80' lang='lat' dir='ltr'>Esie</span> <span class='ocrx_word' id='word_1_225' title='bbox 218 2857 298 2906; x_wconf 91' lang='lat' dir='ltr'>bonis</span> <span class='ocrx_word' id='word_1_226' title='bbox 311 2857 396 2905; x_wconf 85' lang='lat' dir='ltr'>avibus</span> <span class='ocrx_word' id='word_1_227' title='bbox 405 2857 452 2905; x_wconf 88' lang='lat' dir='ltr'>visi</span> <span class='ocrx_word' id='word_1_228' title='bbox 463 2868 567 2922; x_wconf 89' lang='lat' dir='ltr'>natoque</span> <span class='ocrx_word' id='word_1_229' title='bbox 578 2856 684 2921; x_wconf 86' lang='lat' dir='ltr'>mihique</span> <span class='ocrx_word' id='word_1_230' title='bbox 696 2871 706 2913; x_wconf 80' lang='lat'>3</span> 
     </span>
     <span class='ocr_line' id='line_1_34' title="bbox 190 2927 636 2995; baseline -0.002 -17"><span class='ocrx_word' id='word_1_231' title='bbox 190 2930 313 2995; x_wconf 89' lang='lat' dir='ltr'>Ripaque</span> <span class='ocrx_word' id='word_1_232' title='bbox 322 2929 389 2978; x_wconf 87' lang='lat' dir='ltr'>felici</span> <span class='ocrx_word' id='word_1_233' title='bbox 399 2929 460 2977; x_wconf 75' lang='lat' dir='ltr'>tasse</span> <span class='ocrx_word' id='word_1_234' title='bbox 473 2927 504 2978; x_wconf 88' lang='lat' dir='ltr'>sit</span> <span class='ocrx_word' id='word_1_235' title='bbox 513 2928 553 2978; x_wconf 82' lang='lat' dir='ltr'>ista</span> <span class='ocrx_word' id='word_1_236' title='bbox 562 2930 636 2994; x_wconf 90' lang='lat' dir='ltr'>pede.</span> 
     </span>
    </p>

    <p class='ocr_par' dir='ltr' id='par_1_19' title="bbox 153 2996 938 3141">
     <span class='ocr_line' id='line_1_35' title="bbox 153 2996 938 3069; baseline -0.008 -16"><span class='ocrx_word' id='word_1_237' title='bbox 153 3002 239 3053; x_wconf 82' lang='lat' dir='ltr'>Failor</span> <span class='ocrx_word' id='word_1_238' title='bbox 250 3000 263 3051; x_wconf 73' lang='grc' dir='ltr'><strong><em>ἓ</em></strong></span> <span class='ocrx_word' id='word_1_239' title='bbox 284 3018 317 3051; x_wconf 88' lang='lat' dir='ltr'>an</span> <span class='ocrx_word' id='word_1_240' title='bbox 330 3002 356 3051; x_wconf 92' lang='lat' dir='ltr'>hi</span> <span class='ocrx_word' id='word_1_241' title='bbox 366 3000 426 3051; x_wconf 77' lang='lat' dir='ltr'>frent</span> <span class='ocrx_word' id='word_1_242' title='bbox 437 3003 542 3069; x_wconf 83' lang='lat' dir='ltr'>ingentia</span> <span class='ocrx_word' id='word_1_243' title='bbox 552 3002 642 3051; x_wconf 83' lang='lat' dir='ltr'>moenia</span> <span class='ocrx_word' id='word_1_244' title='bbox 654 2996 751 3051; x_wconf 68' lang='lat' dir='ltr'>colles&gt;</span> <span class='ocrx_word' id='word_1_245' title='bbox 889 3008 938 3059; x_wconf 78' lang='lat'>515</span> 
     </span>
     <span class='ocr_line' id='line_1_36' title="bbox 188 3068 755 3141; baseline -0.012 -14"><span class='ocrx_word' id='word_1_246' title='bbox 188 3076 309 3141; x_wconf 78' lang='lat' dir='ltr'>iuraque</span> <span class='ocrx_word' id='word_1_247' title='bbox 321 3074 351 3121; x_wconf 85' lang='lat' dir='ltr'>ab</span> <span class='ocrx_word' id='word_1_248' title='bbox 360 3074 406 3123; x_wconf 85' lang='lat' dir='ltr'>hae</span> <span class='ocrx_word' id='word_1_249' title='bbox 417 3074 481 3125; x_wconf 77' lang='lat' dir='ltr'>terri</span> <span class='ocrx_word' id='word_1_250' title='bbox 493 3086 574 3125; x_wconf 87' lang='lat' dir='ltr'>cetera</span> <span class='ocrx_word' id='word_1_251' title='bbox 585 3088 652 3125; x_wconf 90' lang='lat' dir='ltr'>terra</span> <span class='ocrx_word' id='word_1_252' title='bbox 662 3068 755 3139; x_wconf 76' lang='lat' dir='ltr'>petet?</span> 
     </span>
    </p>

    <p class='ocr_par' dir='ltr' id='par_1_20' title="bbox 154 3144 733 3213">
     <span class='ocr_line' id='line_1_37' title="bbox 154 3144 733 3213; baseline -0.007 -14"><span class='ocrx_word' id='word_1_253' title='bbox 154 3145 292 3199; x_wconf 80' lang='lat' dir='ltr'>Montibus</span> <span class='ocrx_word' id='word_1_254' title='bbox 303 3146 342 3196; x_wconf 83' lang='lat' dir='ltr'>his</span> <span class='ocrx_word' id='word_1_255' title='bbox 353 3146 411 3195; x_wconf 84' lang='lat' dir='ltr'>otim</span> <span class='ocrx_word' id='word_1_256' title='bbox 421 3159 487 3197; x_wconf 85' lang='lat' dir='ltr'>totus</span> <span class='ocrx_word' id='word_1_257' title='bbox 497 3148 646 3213; x_wconf 81' lang='lat' dir='ltr'>promittitur</span> <span class='ocrx_word' id='word_1_258' title='bbox 656 3144 733 3195; x_wconf 84' lang='lat' dir='ltr'>orbis.</span> 
     </span>
    </p>
   </div>
   <div class='ocr_carea' id='block_1_4' title="bbox 187 3214 834 3342">
    <p class='ocr_par' dir='ltr' id='par_1_21' title="bbox 187 3214 834 3342">
     <span class='ocr_line' id='line_1_38' title="bbox 187 3214 834 3342; baseline -0.012 -67"><span class='ocrx_word' id='word_1_259' title='bbox 187 3223 259 3291; x_wconf 80' lang='lat' dir='ltr'>Quis</span> <span class='ocrx_word' id='word_1_260' title='bbox 271 3232 372 3273; x_wconf 77' lang='lat' dir='ltr'>tantum</span> <span class='ocrx_word' id='word_1_261' title='bbox 381 3215 427 3269; x_wconf 78' lang='lat' dir='ltr'>sati</span> <span class='ocrx_word' id='word_1_262' title='bbox 439 3220 521 3271; x_wconf 84' lang='lat' dir='ltr'>credat</span> <span class='ocrx_word' id='word_1_263' title='bbox 530 3222 621 3273; x_wconf 85' lang='lat' dir='ltr'>habere</span> <span class='ocrx_word' id='word_1_264' title='bbox 631 3214 736 3271; x_wconf 73' lang='lat' dir='ltr'>locum?</span> <span class='ocrx_word' id='word_1_265' title='bbox 773 3282 793 3330; x_wconf 69' lang='lat' dir='ltr'>B</span> <span class='ocrx_word' id='word_1_266' title='bbox 807 3276 834 3342; x_wconf 57' lang='lat' dir='ltr'>fii</span> 
     </span>
    </p>
   </div>
   <div class='ocr_carea' id='block_1_5' title="bbox 0 0 1188 3942">
    <p class='ocr_par' dir='ltr' id='par_1_22' title="bbox 0 0 1188 3942">
     <span class='ocr_line' id='line_1_39' title="bbox 0 0 1188 3942; baseline 0 2"><span class='ocrx_word' id='word_1_267' title='bbox 0 0 1188 3942; x_wconf 95' lang='lat' dir='ltr'> </span> 
     </span>
    </p>
   </div>
  </div>
 </body>
</html>
