<?xml version="1.0" encoding="UTF-8"?>
<!DOCTYPE html PUBLIC "-//W3C//DTD XHTML 1.0 Transitional//EN"
    "http://www.w3.org/TR/xhtml1/DTD/xhtml1-transitional.dtd">
<html xmlns="http://www.w3.org/1999/xhtml" xml:lang="en" lang="en">
 <head>
  <title>
</title>
<meta http-equiv="Content-Type" content="text/html;charset=utf-8" />
  <meta name='ocr-system' content='tesseract 3.04.00' />
  <meta name='ocr-capabilities' content='ocr_page ocr_carea ocr_par ocr_line ocrx_word'/>
</head>
<body>
  <div class='ocr_page' id='page_1' title='image "./povidiinasoniso01heingoog_0279.png"; bbox 0 0 2367 3942; ppageno 0'>
   <div class='ocr_carea' id='block_1_1' title="bbox 304 413 944 550">
    <p class='ocr_par' dir='ltr' id='par_1_1' title="bbox 304 413 944 550">
     <span class='ocr_line' id='line_1_1' title="bbox 304 413 944 550; baseline -0.005 -20"><span class='ocrx_word' id='word_1_1' title='bbox 304 413 379 550; x_wconf 64' lang='lat'><strong>272}</strong></span> <span class='ocrx_word' id='word_1_2' title='bbox 423 459 466 527; x_wconf 84' lang='lat' dir='ltr'><strong>P.</strong></span> <span class='ocrx_word' id='word_1_3' title='bbox 494 457 684 527; x_wconf 75' lang='lat' dir='ltr'><strong>Orruit</strong></span> <span class='ocrx_word' id='word_1_4' title='bbox 710 451 944 527; x_wconf 75' lang='lat' dir='ltr'><strong>NAsorrrs</strong></span> 
     </span>
    </p>
   </div>
   <div class='ocr_carea' id='block_1_2' title="bbox 233 574 1009 1430">
    <p class='ocr_par' dir='ltr' id='par_1_2' title="bbox 233 574 1009 1430">
     <span class='ocr_line' id='line_1_2' title="bbox 303 574 996 646; baseline 0.003 -19"><span class='ocrx_word' id='word_1_5' title='bbox 303 577 375 627; x_wconf 85' lang='lat' dir='ltr'><strong>Neve</strong></span> <span class='ocrx_word' id='word_1_6' title='bbox 389 576 478 626; x_wconf 78' lang='lat' dir='ltr'><strong>fretum</strong></span> <span class='ocrx_word' id='word_1_7' title='bbox 495 575 561 626; x_wconf 72' lang='lat' dir='ltr'><strong>terri</strong></span> <span class='ocrx_word' id='word_1_8' title='bbox 577 576 661 626; x_wconf 78' lang='lat' dir='ltr'><strong>laudes</strong></span> <span class='ocrx_word' id='word_1_9' title='bbox 677 574 768 644; x_wconf 85' lang='lat' dir='ltr'><strong>magis,</strong></span> <span class='ocrx_word' id='word_1_10' title='bbox 786 590 885 642; x_wconf 69' lang='lat' dir='ltr'><strong>equora</strong></span> <span class='ocrx_word' id='word_1_11' title='bbox 903 577 996 646; x_wconf 82' lang='lat' dir='ltr'><strong>semper</strong></span> 
     </span>
     <span class='ocr_line' id='line_1_3' title="bbox 339 649 902 707; baseline 0.002 -8"><span class='ocrx_word' id='word_1_12' title='bbox 339 651 478 699; x_wconf 84' lang='lat' dir='ltr'><strong>Ventorum</strong></span> <span class='ocrx_word' id='word_1_13' title='bbox 495 651 578 707; x_wconf 81' lang='lat' dir='ltr'>rabie,</span> <span class='ocrx_word' id='word_1_14' title='bbox 600 649 688 700; x_wconf 81' lang='lat' dir='ltr'><strong>solibus</strong></span> <span class='ocrx_word' id='word_1_15' title='bbox 703 650 781 707; x_wconf 80' lang='lat' dir='ltr'><strong>orba,</strong></span> <span class='ocrx_word' id='word_1_16' title='bbox 797 660 902 700; x_wconf 81' lang='lat' dir='ltr'><strong>tument.</strong></span> 
     </span>
     <span class='ocr_line' id='line_1_4' title="bbox 264 722 1009 790; baseline 0.001 -19"><span class='ocrx_word' id='word_1_17' title='bbox 264 738 294 786; x_wconf 91' lang='lat'><strong>55</strong></span> <span class='ocrx_word' id='word_1_18' title='bbox 308 722 471 790; x_wconf 86' lang='lat' dir='ltr'><strong>Quocumque</strong></span> <span class='ocrx_word' id='word_1_19' title='bbox 487 723 605 787; x_wconf 77' lang='lat' dir='ltr'>aspicias,</span> <span class='ocrx_word' id='word_1_20' title='bbox 623 723 698 788; x_wconf 80' lang='lat' dir='ltr'><strong>campi</strong></span> <span class='ocrx_word' id='word_1_21' title='bbox 716 723 812 771; x_wconf 89' lang='lat' dir='ltr'><strong>cultore</strong></span> <span class='ocrx_word' id='word_1_22' title='bbox 827 736 959 781; x_wconf 79' lang='lat' dir='ltr'><strong>cnrenres,</strong></span> <span class='ocrx_word' id='word_1_23' title='bbox 1006 726 1009 738; x_wconf 93' lang='lat'>&#39;</span> 
     </span>
     <span class='ocr_line' id='line_1_5' title="bbox 339 795 958 862; baseline -0.002 -17"><span class='ocrx_word' id='word_1_24' title='bbox 339 796 478 862; x_wconf 82' lang='lat' dir='ltr'><strong>Vastaque,</strong></span> <span class='ocrx_word' id='word_1_25' title='bbox 496 813 549 862; x_wconf 76' lang='lat' dir='ltr'><strong>quae</strong></span> <span class='ocrx_word' id='word_1_26' title='bbox 565 811 636 844; x_wconf 87' lang='lat' dir='ltr'><strong>nemo</strong></span> <span class='ocrx_word' id='word_1_27' title='bbox 647 795 776 851; x_wconf 67' lang='lat' dir='ltr'><strong>uindicet,</strong></span> <span class='ocrx_word' id='word_1_28' title='bbox 794 811 851 860; x_wconf 72' lang='lat' dir='ltr'><strong>arra</strong></span> <span class='ocrx_word' id='word_1_29' title='bbox 865 795 958 860; x_wconf 79' lang='lat' dir='ltr'><strong>jacent.</strong></span> 
     </span>
     <span class='ocr_line' id='line_1_6' title="bbox 303 868 977 934; baseline 0.001 -16"><span class='ocrx_word' id='word_1_30' title='bbox 303 869 384 918; x_wconf 86' lang='lat' dir='ltr'><strong>Hollis</strong></span> <span class='ocrx_word' id='word_1_31' title='bbox 399 868 482 927; x_wconf 79' lang='lat' dir='ltr'><strong>adest,</strong></span> <span class='ocrx_word' id='word_1_32' title='bbox 500 868 583 918; x_wconf 74' lang='lat' dir='ltr'><strong>dextri</strong></span> <span class='ocrx_word' id='word_1_33' title='bbox 598 868 704 934; x_wconf 68' lang='lat' dir='ltr'><strong>levique</strong></span> <span class='ocrx_word' id='word_1_34' title='bbox 721 885 734 916; x_wconf 87' lang='lat' dir='ltr'>a</span> <span class='ocrx_word' id='word_1_35' title='bbox 749 880 818 932; x_wconf 80' lang='lat' dir='ltr'><strong>parte</strong></span> <span class='ocrx_word' id='word_1_36' title='bbox 832 869 977 926; x_wconf 80' lang='lat' dir='ltr'><strong>timendus3</strong></span> 
     </span>
     <span class='ocr_line' id='line_1_7' title="bbox 245 941 885 1010; baseline -0.003 -18"><span class='ocrx_word' id='word_1_37' title='bbox 245 986 248 992; x_wconf 91' lang='lat'><em>.</em></span> <span class='ocrx_word' id='word_1_38' title='bbox 338 942 476 1007; x_wconf 84' lang='lat' dir='ltr'><strong>Vicinoque</strong></span> <span class='ocrx_word' id='word_1_39' title='bbox 492 955 559 991; x_wconf 89' lang='lat' dir='ltr'><strong>metu</strong></span> <span class='ocrx_word' id='word_1_40' title='bbox 573 954 650 992; x_wconf 87' lang='lat' dir='ltr'><strong>terret</strong></span> <span class='ocrx_word' id='word_1_41' title='bbox 668 941 800 1010; x_wconf 79' lang='lat' dir='ltr'><strong>utrumque</strong></span> <span class='ocrx_word' id='word_1_42' title='bbox 810 942 885 990; x_wconf 83' lang='lat' dir='ltr'><strong>larus.</strong></span> 
     </span>
     <span class='ocr_line' id='line_1_8' title="bbox 233 1011 877 1080; baseline -0.005 -16"><span class='ocrx_word' id='word_1_43' title='bbox 233 1011 238 1018; x_wconf 76' lang='grc'><strong>’</strong></span> <span class='ocrx_word' id='word_1_44' title='bbox 303 1014 388 1064; x_wconf 82' lang='lat' dir='ltr'><strong>Altera</strong></span> <span class='ocrx_word' id='word_1_45' title='bbox 405 1015 519 1064; x_wconf 84' lang='lat' dir='ltr'><strong>Bistonias</strong></span> <span class='ocrx_word' id='word_1_46' title='bbox 534 1031 588 1080; x_wconf 79' lang='lat' dir='ltr'><strong>pars</strong></span> <span class='ocrx_word' id='word_1_47' title='bbox 607 1015 639 1063; x_wconf 86' lang='lat' dir='ltr'><strong>est</strong></span> <span class='ocrx_word' id='word_1_48' title='bbox 658 1013 752 1064; x_wconf 82' lang='lat' dir='ltr'><strong>sensura</strong></span> <span class='ocrx_word' id='word_1_49' title='bbox 768 1012 877 1071; x_wconf 72' lang='lat' dir='ltr'><strong>sarissas,</strong></span> 
     </span>
     <span class='ocr_line' id='line_1_9' title="bbox 259 1085 855 1152; baseline 0 -16"><span class='ocrx_word' id='word_1_50' title='bbox 259 1085 294 1136; x_wconf 85' lang='lat'><strong>60</strong></span> <span class='ocrx_word' id='word_1_51' title='bbox 342 1089 427 1137; x_wconf 83' lang='lat' dir='ltr'><strong>Altera</strong></span> <span class='ocrx_word' id='word_1_52' title='bbox 442 1088 575 1137; x_wconf 75' lang='lat' dir='ltr'><strong>Sarmatici</strong></span> <span class='ocrx_word' id='word_1_53' title='bbox 590 1087 679 1152; x_wconf 85' lang='lat' dir='ltr'><strong>spicula</strong></span> <span class='ocrx_word' id='word_1_54' title='bbox 695 1085 759 1136; x_wconf 77' lang='lat' dir='ltr'><strong>milla</strong></span> <span class='ocrx_word' id='word_1_55' title='bbox 775 1101 855 1136; x_wconf 82' lang='lat' dir='ltr'><strong>manu.</strong></span> 
     </span>
     <span class='ocr_line' id='line_1_10' title="bbox 288 1159 942 1226; baseline -0.003 -16"><span class='ocrx_word' id='word_1_56' title='bbox 288 1160 315 1210; x_wconf 86' lang='lat' dir='ltr'><strong>-l</strong></span> <span class='ocrx_word' id='word_1_57' title='bbox 330 1178 413 1218; x_wconf 82' lang='lat' dir='ltr'><strong>nunc,</strong></span> <span class='ocrx_word' id='word_1_58' title='bbox 432 1161 457 1211; x_wconf 79' lang='grc' dir='ltr'><strong>δι</strong></span> <span class='ocrx_word' id='word_1_59' title='bbox 473 1173 583 1211; x_wconf 86' lang='lat' dir='ltr'><strong>veterum</strong></span> <span class='ocrx_word' id='word_1_60' title='bbox 600 1160 670 1210; x_wconf 88' lang='lat' dir='ltr'><strong>nobis</strong></span> <span class='ocrx_word' id='word_1_61' title='bbox 685 1159 795 1226; x_wconf 82' lang='lat' dir='ltr'><strong>exempla</strong></span> <span class='ocrx_word' id='word_1_62' title='bbox 812 1159 942 1218; x_wconf 81' lang='lat' dir='ltr'><strong>virorum,</strong></span> 
     </span>
     <span class='ocr_line' id='line_1_11' title="bbox 342 1232 867 1296; baseline -0.006 -13"><span class='ocrx_word' id='word_1_63' title='bbox 342 1233 391 1296; x_wconf 85' lang='lat' dir='ltr'><strong>Qui</strong></span> <span class='ocrx_word' id='word_1_64' title='bbox 408 1233 467 1284; x_wconf 86' lang='lat' dir='ltr'><strong>forti</strong></span> <span class='ocrx_word' id='word_1_65' title='bbox 483 1234 560 1283; x_wconf 85' lang='lat' dir='ltr'><strong>casum</strong></span> <span class='ocrx_word' id='word_1_66' title='bbox 576 1247 658 1284; x_wconf 88' lang='lat' dir='ltr'><strong>mente</strong></span> <span class='ocrx_word' id='word_1_67' title='bbox 674 1236 773 1290; x_wconf 70' lang='lat' dir='ltr'><strong>tulere,</strong></span> <span class='ocrx_word' id='word_1_68' title='bbox 793 1232 867 1281; x_wconf 71' lang='lat' dir='ltr'><strong>refer:</strong></span> 
     </span>
     <span class='ocr_line' id='line_1_12' title="bbox 304 1305 893 1374; baseline -0.002 -19"><span class='ocrx_word' id='word_1_69' title='bbox 304 1306 336 1356; x_wconf 84' lang='lat' dir='ltr'><strong>Et</strong></span> <span class='ocrx_word' id='word_1_70' title='bbox 354 1323 427 1372; x_wconf 81' lang='lat' dir='ltr'><strong>grave</strong></span> <span class='ocrx_word' id='word_1_71' title='bbox 443 1307 586 1374; x_wconf 80' lang='lat' dir='ltr'><strong>magnanimi</strong></span> <span class='ocrx_word' id='word_1_72' title='bbox 602 1309 677 1357; x_wconf 86' lang='lat' dir='ltr'><strong>robur</strong></span> <span class='ocrx_word' id='word_1_73' title='bbox 691 1306 775 1356; x_wconf 83' lang='lat' dir='ltr'><strong>mirare</strong></span> <span class='ocrx_word' id='word_1_74' title='bbox 791 1305 868 1354; x_wconf 88' lang='lat' dir='ltr'><strong>Rutili</strong></span> <span class='ocrx_word' id='word_1_75' title='bbox 877 1327 893 1363; x_wconf 81' lang='lat'><strong>·,</strong></span> 
     </span>
     <span class='ocr_line' id='line_1_13' title="bbox 342 1379 927 1430; baseline 0 -2"><span class='ocrx_word' id='word_1_76' title='bbox 342 1381 398 1428; x_wconf 87' lang='lat' dir='ltr'><strong>Non</strong></span> <span class='ocrx_word' id='word_1_77' title='bbox 415 1380 452 1429; x_wconf 94' lang='lat' dir='ltr'><strong>usi</strong></span> <span class='ocrx_word' id='word_1_78' title='bbox 467 1381 558 1429; x_wconf 82' lang='lat' dir='ltr'><strong>teditils</strong></span> <span class='ocrx_word' id='word_1_79' title='bbox 575 1381 714 1430; x_wconf 87' lang='lat' dir='ltr'><strong>conditione</strong></span> <span class='ocrx_word' id='word_1_80' title='bbox 731 1379 789 1428; x_wconf 82' lang='lat' dir='ltr'><strong>dati.</strong></span> <span class='ocrx_word' id='word_1_81' title='bbox 880 1401 883 1410; x_wconf 70' lang='lat'><strong><em>¹</em></strong></span> <span class='ocrx_word' id='word_1_82' title='bbox 924 1379 927 1387; x_wconf 76' lang='lat'><em>&#39;</em></span> 
     </span>
    </p>
   </div>
   <div class='ocr_carea' id='block_1_3' title="bbox 260 1449 1013 1518">
    <p class='ocr_par' dir='ltr' id='par_1_3' title="bbox 260 1429 1080 1530">
     <span class='ocr_line' id='line_1_14' title="bbox 260 1449 1013 1518; baseline 0 -18"><span class='ocrx_word' id='word_1_83' title='bbox 260 1450 292 1513; x_wconf 88' lang='lat'><strong>65</strong></span> <span class='ocrx_word' id='word_1_84' title='bbox 307 1451 407 1518; x_wconf 82' lang='lat' dir='ltr'>Smyrna</span> <span class='ocrx_word' id='word_1_85' title='bbox 419 1453 496 1503; x_wconf 86' lang='lat' dir='ltr'><strong>virum</strong></span> <span class='ocrx_word' id='word_1_86' title='bbox 506 1454 603 1512; x_wconf 84' lang='lat' dir='ltr'><strong>tenuit,</strong></span> <span class='ocrx_word' id='word_1_87' title='bbox 620 1469 669 1503; x_wconf 83' lang='lat' dir='ltr'><strong>non</strong></span> <span class='ocrx_word' id='word_1_88' title='bbox 678 1451 770 1502; x_wconf 82' lang='lat' dir='ltr'>Pontus</span> <span class='ocrx_word' id='word_1_89' title='bbox 783 1451 808 1502; x_wconf 76' lang='grc' dir='ltr'><strong>δι</strong></span> <span class='ocrx_word' id='word_1_90' title='bbox 817 1449 909 1500; x_wconf 79' lang='lat' dir='ltr'><strong>hollica</strong></span> <span class='ocrx_word' id='word_1_91' title='bbox 920 1451 991 1500; x_wconf 87' lang='lat' dir='ltr'><strong>tellus</strong></span> <span class='ocrx_word' id='word_1_92' title='bbox 1003 1467 1013 1508; x_wconf 67' lang='grc' dir='ltr'><strong><em>ς</em></strong></span> 
     </span>
    </p>
   </div>
   <div class='ocr_carea' id='block_1_4' title="bbox 237 1524 1015 2449">
    <p class='ocr_par' dir='ltr' id='par_1_4' title="bbox 237 1524 1015 2449">
     <span class='ocr_line' id='line_1_15' title="bbox 339 1524 905 1593; baseline 0 -19"><span class='ocrx_word' id='word_1_93' title='bbox 339 1524 412 1575; x_wconf 84' lang='lat' dir='ltr'><strong>Paene</strong></span> <span class='ocrx_word' id='word_1_94' title='bbox 425 1527 502 1575; x_wconf 90' lang='lat' dir='ltr'><strong>minus</strong></span> <span class='ocrx_word' id='word_1_95' title='bbox 517 1527 584 1576; x_wconf 90' lang='lat' dir='ltr'><strong>nullo</strong></span> <span class='ocrx_word' id='word_1_96' title='bbox 600 1527 700 1593; x_wconf 81' lang='lat' dir='ltr'>Smyrna</span> <span class='ocrx_word' id='word_1_97' title='bbox 714 1524 818 1591; x_wconf 78' lang='lat' dir='ltr'><strong>petenda</strong></span> <span class='ocrx_word' id='word_1_98' title='bbox 836 1525 905 1574; x_wconf 59' lang='lat' dir='ltr'><strong>locos</strong></span> 
     </span>
     <span class='ocr_line' id='line_1_16' title="bbox 306 1596 994 1667; baseline -0.001 -20"><span class='ocrx_word' id='word_1_99' title='bbox 306 1597 363 1647; x_wconf 92' lang='lat' dir='ltr'><strong>Non</strong></span> <span class='ocrx_word' id='word_1_100' title='bbox 380 1599 458 1648; x_wconf 85' lang='lat' dir='ltr'><strong>doluit</strong></span> <span class='ocrx_word' id='word_1_101' title='bbox 472 1600 549 1664; x_wconf 69' lang='lat' dir='ltr'><strong>patrii</strong></span> <span class='ocrx_word' id='word_1_102' title='bbox 566 1599 675 1667; x_wconf 86' lang='lat' dir='ltr'><strong>Cynicus</strong></span> <span class='ocrx_word' id='word_1_103' title='bbox 693 1599 778 1664; x_wconf 89' lang='lat' dir='ltr'><strong>procul</strong></span> <span class='ocrx_word' id='word_1_104' title='bbox 793 1596 839 1646; x_wconf 87' lang='lat' dir='ltr'><strong>elle</strong></span> <span class='ocrx_word' id='word_1_105' title='bbox 857 1596 994 1663; x_wconf 83' lang='lat' dir='ltr'><strong>Sinopeus:</strong></span> 
     </span>
     <span class='ocr_line' id='line_1_17' title="bbox 340 1671 885 1738; baseline 0 -19"><span class='ocrx_word' id='word_1_106' title='bbox 340 1671 410 1738; x_wconf 84' lang='lat' dir='ltr'>Legit</span> <span class='ocrx_word' id='word_1_107' title='bbox 427 1673 491 1721; x_wconf 89' lang='lat' dir='ltr'><strong>enim</strong></span> <span class='ocrx_word' id='word_1_108' title='bbox 507 1671 594 1727; x_wconf 88' lang='lat' dir='ltr'><strong>sedes,</strong></span> <span class='ocrx_word' id='word_1_109' title='bbox 614 1672 697 1721; x_wconf 82' lang='lat' dir='ltr'><strong>Attica</strong></span> <span class='ocrx_word' id='word_1_110' title='bbox 713 1686 799 1728; x_wconf 86' lang='lat' dir='ltr'><strong>terra,</strong></span> <span class='ocrx_word' id='word_1_111' title='bbox 820 1682 885 1719; x_wconf 87' lang='lat' dir='ltr'><strong>tuas.</strong></span> 
     </span>
     <span class='ocr_line' id='line_1_18' title="bbox 305 1742 932 1808; baseline 0.005 -18"><span class='ocrx_word' id='word_1_112' title='bbox 305 1742 377 1791; x_wconf 80' lang='lat' dir='ltr'><strong>Arma</strong></span> <span class='ocrx_word' id='word_1_113' title='bbox 391 1744 523 1795; x_wconf 77' lang='lat' dir='ltr'><strong>Neoclides</strong></span> <span class='ocrx_word' id='word_1_114' title='bbox 540 1746 580 1808; x_wconf 85' lang='lat' dir='ltr'><strong>qui</strong></span> <span class='ocrx_word' id='word_1_115' title='bbox 597 1743 693 1794; x_wconf 82' lang='lat' dir='ltr'><strong>Persica</strong></span> <span class='ocrx_word' id='word_1_116' title='bbox 711 1742 822 1792; x_wconf 88' lang='lat' dir='ltr'><strong>contudit</strong></span> <span class='ocrx_word' id='word_1_117' title='bbox 836 1743 932 1804; x_wconf 61' lang='lat' dir='ltr'><strong>ermis,</strong></span> 
     </span>
     <span class='ocr_line' id='line_1_19' title="bbox 237 1813 887 1882; baseline 0.003 -20"><span class='ocrx_word' id='word_1_118' title='bbox 237 1820 240 1843; x_wconf 81' lang='lat'><strong>¹</strong></span> <span class='ocrx_word' id='word_1_119' title='bbox 265 1830 299 1876; x_wconf 86' lang='lat'><strong>70</strong></span> <span class='ocrx_word' id='word_1_120' title='bbox 348 1816 461 1882; x_wconf 75' lang='lat' dir='ltr'><strong>Argolici</strong></span> <span class='ocrx_word' id='word_1_121' title='bbox 474 1817 573 1882; x_wconf 82' lang='lat' dir='ltr'><strong>primam</strong></span> <span class='ocrx_word' id='word_1_122' title='bbox 590 1816 662 1864; x_wconf 83' lang='lat' dir='ltr'><strong>sensit</strong></span> <span class='ocrx_word' id='word_1_123' title='bbox 677 1816 702 1864; x_wconf 89' lang='lat' dir='ltr'><strong>in</strong></span> <span class='ocrx_word' id='word_1_124' title='bbox 719 1818 779 1864; x_wconf 85' lang='lat' dir='ltr'><strong>urbe</strong></span> <span class='ocrx_word' id='word_1_125' title='bbox 796 1813 887 1881; x_wconf 74' lang='lat' dir='ltr'><strong>fugem.</strong></span> 
     </span>
     <span class='ocr_line' id='line_1_20' title="bbox 306 1881 919 1956; baseline 0.003 -20"><span class='ocrx_word' id='word_1_126' title='bbox 306 1885 386 1937; x_wconf 87' lang='lat' dir='ltr'><strong>Pulsus</strong></span> <span class='ocrx_word' id='word_1_127' title='bbox 403 1881 626 1956; x_wconf 51' lang='lat' dir='ltr'><strong>Aristides‘patridss</strong></span> <span class='ocrx_word' id='word_1_128' title='bbox 643 1887 817 1938; x_wconf 77' lang='lat' dir='ltr'><strong>Lacedaemona</strong></span> <span class='ocrx_word' id='word_1_129' title='bbox 833 1887 919 1954; x_wconf 76' lang='lat' dir='ltr'><strong>fugit:</strong></span> 
     </span>
     <span class='ocr_line' id='line_1_21' title="bbox 343 1957 942 2029; baseline 0.003 -19"><span class='ocrx_word' id='word_1_130' title='bbox 343 1963 409 2012; x_wconf 88' lang='lat' dir='ltr'><strong>luter</strong></span> <span class='ocrx_word' id='word_1_131' title='bbox 423 1979 482 2029; x_wconf 83' lang='lat' dir='ltr'><strong>quas</strong></span> <span class='ocrx_word' id='word_1_132' title='bbox 499 1962 615 2022; x_wconf 84' lang='lat' dir='ltr'><strong>dubium,</strong></span> <span class='ocrx_word' id='word_1_133' title='bbox 632 1971 684 2028; x_wconf 71' lang='lat' dir='ltr'><strong>quae</strong></span> <span class='ocrx_word' id='word_1_134' title='bbox 698 1957 764 2028; x_wconf 68' lang='lat' dir='ltr'><strong>prioi‘</strong></span> <span class='ocrx_word' id='word_1_135' title='bbox 781 1957 858 2022; x_wconf 76' lang='lat' dir='ltr'><strong>effer,</strong></span> <span class='ocrx_word' id='word_1_136' title='bbox 877 1973 942 2012; x_wconf 67' lang='lat' dir='ltr'><strong>erat.¹</strong></span> 
     </span>
     <span class='ocr_line' id='line_1_22' title="bbox 304 2029 929 2102; baseline -0.003 -19"><span class='ocrx_word' id='word_1_137' title='bbox 304 2029 377 2084; x_wconf 72' lang='lat' dir='ltr'><strong>Cede</strong></span> <span class='ocrx_word' id='word_1_138' title='bbox 394 2053 454 2102; x_wconf 89' lang='lat' dir='ltr'><strong>puer</strong></span> <span class='ocrx_word' id='word_1_139' title='bbox 468 2035 529 2086; x_wconf 66' lang='lat' dir='ltr'><strong>laur</strong></span> <span class='ocrx_word' id='word_1_140' title='bbox 547 2035 672 2086; x_wconf 82' lang='lat' dir='ltr'>Patroclus</span> <span class='ocrx_word' id='word_1_141' title='bbox 689 2033 788 2101; x_wconf 80' lang='lat' dir='ltr'>Opunta</span> <span class='ocrx_word' id='word_1_142' title='bbox 805 2033 902 2099; x_wconf 87' lang='lat' dir='ltr'><strong>reliquit</strong></span> <span class='ocrx_word' id='word_1_143' title='bbox 913 2033 929 2092; x_wconf 77' lang='grc'><strong>,’</strong></span> 
     </span>
     <span class='ocr_line' id='line_1_23' title="bbox 340 2106 987 2176; baseline 0 -20"><span class='ocrx_word' id='word_1_144' title='bbox 340 2109 531 2176; x_wconf 79' lang='lat' dir='ltr'><strong>Thessaliamque</strong></span> <span class='ocrx_word' id='word_1_145' title='bbox 548 2111 626 2169; x_wconf 80' lang='lat' dir='ltr'><strong>adiit,</strong></span> <span class='ocrx_word' id='word_1_146' title='bbox 642 2109 728 2173; x_wconf 83' lang='lat' dir='ltr'><strong>hospes</strong></span> <span class='ocrx_word' id='word_1_147' title='bbox 744 2106 862 2160; x_wconf 83' lang='lat' dir='ltr'><strong>Achillis,</strong></span> <span class='ocrx_word' id='word_1_148' title='bbox 878 2107 987 2156; x_wconf 87' lang='lat' dir='ltr'><strong>humum.</strong></span> 
     </span>
     <span class='ocr_line' id='line_1_24' title="bbox 261 2180 950 2241; baseline 0 -13"><span class='ocrx_word' id='word_1_149' title='bbox 261 2195 293 2241; x_wconf 90' lang='lat'><strong>75</strong></span> <span class='ocrx_word' id='word_1_150' title='bbox 307 2180 379 2230; x_wconf 79' lang='lat' dir='ltr'><strong>Exsul</strong></span> <span class='ocrx_word' id='word_1_151' title='bbox 394 2184 423 2231; x_wconf 84' lang='lat' dir='ltr'><strong>ab</strong></span> <span class='ocrx_word' id='word_1_152' title='bbox 438 2183 564 2232; x_wconf 84' lang='lat' dir='ltr'><strong>Haemonia</strong></span> <span class='ocrx_word' id='word_1_153' title='bbox 578 2181 690 2231; x_wconf 86' lang='lat' dir='ltr'><strong>Pirenida</strong></span> <span class='ocrx_word' id='word_1_154' title='bbox 706 2181 780 2228; x_wconf 84' lang='lat' dir='ltr'><strong>cessit</strong></span> <span class='ocrx_word' id='word_1_155' title='bbox 795 2180 824 2227; x_wconf 78' lang='lat' dir='ltr'><strong>ad</strong></span> <span class='ocrx_word' id='word_1_156' title='bbox 841 2181 950 2234; x_wconf 81' lang='lat' dir='ltr'><strong>undam,</strong></span> 
     </span>
     <span class='ocr_line' id='line_1_25' title="bbox 343 2251 1015 2320; baseline -0.001 -17"><span class='ocrx_word' id='word_1_157' title='bbox 343 2253 401 2317; x_wconf 90' lang='lat' dir='ltr'><strong>Quo</strong></span> <span class='ocrx_word' id='word_1_158' title='bbox 419 2255 499 2312; x_wconf 91' lang='lat' dir='ltr'><strong>duce,</strong></span> <span class='ocrx_word' id='word_1_159' title='bbox 517 2255 581 2302; x_wconf 82' lang='lat' dir='ltr'>trabs</span> <span class='ocrx_word' id='word_1_160' title='bbox 599 2253 703 2301; x_wconf 82' lang='lat' dir='ltr'><strong>Colchas</strong></span> <span class='ocrx_word' id='word_1_161' title='bbox 720 2251 792 2299; x_wconf 79' lang='lat' dir='ltr'><strong>sacra&#39;</strong></span> <span class='ocrx_word' id='word_1_162' title='bbox 801 2252 910 2302; x_wconf 81' lang='lat' dir='ltr'><strong>cucurrit</strong></span> <span class='ocrx_word' id='word_1_163' title='bbox 921 2268 1015 2320; x_wconf 71' lang='lat' dir='ltr'><strong>aquus,</strong></span> 
     </span>
     <span class='ocr_line' id='line_1_26' title="bbox 304 2321 916 2394; baseline -0.002 -19"><span class='ocrx_word' id='word_1_164' title='bbox 304 2325 385 2392; x_wconf 87' lang='lat' dir='ltr'><strong>Liquit</strong></span> <span class='ocrx_word' id='word_1_165' title='bbox 402 2326 554 2394; x_wconf 78' lang='lat' dir='ltr'><strong>Agenorides</strong></span> <span class='ocrx_word' id='word_1_166' title='bbox 573 2324 672 2373; x_wconf 81' lang='lat' dir='ltr'><strong>Sidonia</strong></span> <span class='ocrx_word' id='word_1_167' title='bbox 688 2323 775 2371; x_wconf 84' lang='lat' dir='ltr'><strong>moenia</strong></span> <span class='ocrx_word' id='word_1_168' title='bbox 793 2321 916 2384; x_wconf 67' lang='lat' dir='ltr'><strong>Cadmus,</strong></span> 
     </span>
     <span class='ocr_line' id='line_1_27' title="bbox 341 2397 925 2449; baseline -0.005 -1"><span class='ocrx_word' id='word_1_169' title='bbox 341 2399 447 2449; x_wconf 86' lang='lat' dir='ltr'><strong>Poneret</strong></span> <span class='ocrx_word' id='word_1_170' title='bbox 465 2411 492 2447; x_wconf 89' lang='lat' dir='ltr'><strong>ut</strong></span> <span class='ocrx_word' id='word_1_171' title='bbox 508 2413 589 2446; x_wconf 89' lang='lat' dir='ltr'><strong>muros</strong></span> <span class='ocrx_word' id='word_1_172' title='bbox 607 2397 631 2444; x_wconf 91' lang='lat' dir='ltr'><strong>in</strong></span> <span class='ocrx_word' id='word_1_173' title='bbox 647 2397 752 2445; x_wconf 83' lang='lat' dir='ltr'><strong>meliore&#39;</strong></span> <span class='ocrx_word' id='word_1_174' title='bbox 764 2397 831 2446; x_wconf 88' lang='lat' dir='ltr'><strong>loco.</strong></span> <span class='ocrx_word' id='word_1_175' title='bbox 923 2397 925 2401; x_wconf 73' lang='grc'><strong>’</strong></span> 
     </span>
    </p>
   </div>
   <div class='ocr_carea' id='block_1_5' title="bbox 306 2431 1080 2538">
    <p class='ocr_par' dir='ltr' id='par_1_5' title="bbox 306 2431 1080 2538">
     <span class='ocr_line' id='line_1_28' title="bbox 306 2431 1080 2538; baseline -0.001 -18"><span class='ocrx_word' id='word_1_176' title='bbox 306 2471 383 2520; x_wconf 81' lang='lat' dir='ltr'><strong>Venit</strong></span> <span class='ocrx_word' id='word_1_177' title='bbox 398 2473 428 2518; x_wconf 86' lang='lat' dir='ltr'><strong>ad</strong></span> <span class='ocrx_word' id='word_1_178' title='bbox 445 2467 566 2518; x_wconf 81' lang='lat' dir='ltr'><strong>Adrastum</strong></span> <span class='ocrx_word' id='word_1_179' title='bbox 585 2469 705 2534; x_wconf 85' lang='lat' dir='ltr'><strong>Tydeus,</strong></span> <span class='ocrx_word' id='word_1_180' title='bbox 725 2468 851 2536; x_wconf 82' lang='lat' dir='ltr'><strong>Calydone</strong></span> <span class='ocrx_word' id='word_1_181' title='bbox 869 2469 987 2538; x_wconf 64' lang='lat' dir='ltr'><strong>fugatim</strong></span> <span class='ocrx_word' id='word_1_182' title='bbox 1079 2431 1080 2488; x_wconf 36' lang='lat' dir='ltr'><strong>d</strong></span> 
     </span>
    </p>
   </div>
   <div class='ocr_carea' id='block_1_6' title="bbox 259 2539 976 3042">
    <p class='ocr_par' dir='ltr' id='par_1_6' title="bbox 259 2539 976 3042">
     <span class='ocr_line' id='line_1_29' title="bbox 262 2539 924 2608; baseline -0.005 -14"><span class='ocrx_word' id='word_1_183' title='bbox 262 2543 295 2594; x_wconf 82' lang='lat' dir='ltr'><strong>So</strong></span> <span class='ocrx_word' id='word_1_184' title='bbox 343 2543 374 2590; x_wconf 90' lang='lat' dir='ltr'><strong>Et</strong></span> <span class='ocrx_word' id='word_1_185' title='bbox 386 2543 508 2590; x_wconf 82' lang='lat' dir='ltr'><strong>Teucrum</strong></span> <span class='ocrx_word' id='word_1_186' title='bbox 524 2539 618 2591; x_wconf 88' lang='lat' dir='ltr'><strong>Veneri</strong></span> <span class='ocrx_word' id='word_1_187' title='bbox 636 2555 702 2608; x_wconf 81' lang='lat' dir='ltr'><strong>grata</strong></span> <span class='ocrx_word' id='word_1_188' title='bbox 712 2540 811 2608; x_wconf 76' lang='lat' dir='ltr'><strong>&#39;recepit</strong></span> <span class='ocrx_word' id='word_1_189' title='bbox 826 2543 924 2594; x_wconf 89' lang='lat' dir='ltr'><strong>humus.</strong></span> 
     </span>
     <span class='ocr_line' id='line_1_30' title="bbox 265 2607 976 2684; baseline 0.006 -22"><span class='ocrx_word' id='word_1_190' title='bbox 265 2623 269 2630; x_wconf 89' lang='grc'><strong>’</strong></span> <span class='ocrx_word' id='word_1_191' title='bbox 304 2614 369 2678; x_wconf 86' lang='lat' dir='ltr'><strong>Quid</strong></span> <span class='ocrx_word' id='word_1_192' title='bbox 380 2609 481 2663; x_wconf 76' lang='lat' dir='ltr'><strong>referam</strong></span> <span class='ocrx_word' id='word_1_193' title='bbox 491 2625 589 2665; x_wconf 86' lang='lat' dir='ltr'><strong>veteres</strong></span> <span class='ocrx_word' id='word_1_194' title='bbox 600 2609 714 2666; x_wconf 82' lang='lat' dir='ltr'><strong>Romanae</strong></span> <span class='ocrx_word' id='word_1_195' title='bbox 723 2607 803 2682; x_wconf 61' lang='lat' dir='ltr'><strong>&#39;gentis</strong></span> <span class='ocrx_word' id='word_1_196' title='bbox 815 2650 822 2674; x_wconf 88' lang='lat'>‚</span> <span class='ocrx_word' id='word_1_197' title='bbox 840 2614 903 2682; x_wconf 86' lang='lat' dir='ltr'><strong>apud</strong></span> <span class='ocrx_word' id='word_1_198' title='bbox 914 2629 976 2684; x_wconf 88' lang='lat' dir='ltr'><strong>quos</strong></span> 
     </span>
     <span class='ocr_line' id='line_1_31' title="bbox 340 2686 831 2740; baseline -0.004 -1"><span class='ocrx_word' id='word_1_199' title='bbox 340 2687 463 2739; x_wconf 84' lang='lat' dir='ltr'><strong>Exsulibus</strong></span> <span class='ocrx_word' id='word_1_200' title='bbox 479 2687 551 2737; x_wconf 89' lang='lat' dir='ltr'><strong>tellus</strong></span> <span class='ocrx_word' id='word_1_201' title='bbox 566 2688 649 2740; x_wconf 85' lang='lat' dir='ltr'><strong>ultima</strong></span> <span class='ocrx_word' id='word_1_202' title='bbox 664 2686 741 2738; x_wconf 88' lang='lat' dir='ltr'><strong>Tibur</strong></span> <span class='ocrx_word' id='word_1_203' title='bbox 758 2687 831 2738; x_wconf 80' lang='lat' dir='ltr'><strong>erat?</strong></span> 
     </span>
     <span class='ocr_line' id='line_1_32' title="bbox 303 2753 972 2826; baseline 0.004 -17"><span class='ocrx_word' id='word_1_204' title='bbox 303 2758 433 2826; x_wconf 86' lang='lat' dir='ltr'><strong>Persequar</strong></span> <span class='ocrx_word' id='word_1_205' title='bbox 447 2773 474 2812; x_wconf 91' lang='lat' dir='ltr'><strong>ut</strong></span> <span class='ocrx_word' id='word_1_206' title='bbox 489 2753 609 2820; x_wconf 74' lang='lat' dir='ltr'><strong>cirnllos3</strong></span> <span class='ocrx_word' id='word_1_207' title='bbox 627 2762 685 2812; x_wconf 90' lang='lat' dir='ltr'><strong>nulli</strong></span> <span class='ocrx_word' id='word_1_208' title='bbox 701 2762 770 2811; x_wconf 82' lang='lat' dir='ltr'><strong>datus</strong></span> <span class='ocrx_word' id='word_1_209' title='bbox 787 2761 894 2812; x_wconf 85' lang='lat' dir='ltr'><strong>omnibus</strong></span> <span class='ocrx_word' id='word_1_210' title='bbox 913 2763 972 2812; x_wconf 74' lang='lat' dir='ltr'><strong>aevis</strong></span> 
     </span>
     <span class='ocr_line' id='line_1_33' title="bbox 335 2833 974 2902; baseline 0.003 -20"><span class='ocrx_word' id='word_1_211' title='bbox 335 2833 395 2882; x_wconf 82' lang='lat' dir='ltr'><strong>Tam</strong></span> <span class='ocrx_word' id='word_1_212' title='bbox 411 2835 496 2900; x_wconf 84' lang='lat' dir='ltr'><strong>procul</strong></span> <span class='ocrx_word' id='word_1_213' title='bbox 513 2853 526 2884; x_wconf 83' lang='lat' dir='ltr'>a</span> <span class='ocrx_word' id='word_1_214' title='bbox 543 2836 620 2902; x_wconf 73' lang='lat' dir='ltr'><strong>patrii</strong></span> <span class='ocrx_word' id='word_1_215' title='bbox 634 2835 684 2890; x_wconf 88' lang='lat' dir='ltr'><strong>est,</strong></span> <span class='ocrx_word' id='word_1_216' title='bbox 705 2833 876 2894; x_wconf 70' lang='lat' dir='ltr'><strong>horridiorve,</strong></span> <span class='ocrx_word' id='word_1_217' title='bbox 891 2835 974 2892; x_wconf 80' lang='lat' dir='ltr'><strong>locus.</strong></span> 
     </span>
     <span class='ocr_line' id='line_1_34' title="bbox 259 2903 928 2977; baseline 0.007 -25"><span class='ocrx_word' id='word_1_218' title='bbox 259 2903 273 2953; x_wconf 82' lang='lat' dir='ltr'>S</span> <span class='ocrx_word' id='word_1_219' title='bbox 279 2919 290 2966; x_wconf 91' lang='lat'><em>5</em></span> <span class='ocrx_word' id='word_1_220' title='bbox 305 2904 362 2970; x_wconf 87' lang='lat' dir='ltr'><strong>Quo</strong></span> <span class='ocrx_word' id='word_1_221' title='bbox 376 2909 581 2977; x_wconf 68' lang='lat' dir='ltr'><strong>megis¹ignolcdt</strong></span> <span class='ocrx_word' id='word_1_222' title='bbox 591 2905 799 2974; x_wconf 58' lang='lat' dir='ltr'><strong>sapientiorem</strong></span> <span class='ocrx_word' id='word_1_223' title='bbox 815 2907 928 2966; x_wconf 75' lang='lat' dir='ltr'><strong>dolenti,</strong></span> 
     </span>
     <span class='ocr_line' id='line_1_35' title="bbox 339 2977 921 3042; baseline 0 -13"><span class='ocrx_word' id='word_1_224' title='bbox 339 2977 388 3042; x_wconf 88' lang='lat' dir='ltr'><strong>Qui</strong></span> <span class='ocrx_word' id='word_1_225' title='bbox 406 2982 463 3032; x_wconf 77' lang='lat' dir='ltr'><strong>facit</strong></span> <span class='ocrx_word' id='word_1_226' title='bbox 478 3000 508 3032; x_wconf 87' lang='lat' dir='ltr'><strong>ex</strong></span> <span class='ocrx_word' id='word_1_227' title='bbox 527 2982 591 3031; x_wconf 81' lang='lat' dir='ltr'><strong>diuis</strong></span> <span class='ocrx_word' id='word_1_228' title='bbox 609 2994 656 3030; x_wconf 88' lang='lat' dir='ltr'><strong>non</strong></span> <span class='ocrx_word' id='word_1_229' title='bbox 674 2981 708 3030; x_wconf 72' lang='lat' dir='ltr'><strong>ita</strong></span> <span class='ocrx_word' id='word_1_230' title='bbox 725 2977 874 3030; x_wconf 68' lang='lat' dir='ltr'><strong>multa&#39;tuis.</strong></span> <span class='ocrx_word' id='word_1_231' title='bbox 920 3015 921 3019; x_wconf 65' lang='lat'>,</span> 
     </span>
    </p>
   </div>
   <div class='ocr_carea' id='block_1_7' title="bbox 302 3041 1080 3120">
    <p class='ocr_par' dir='ltr' id='par_1_7' title="bbox 302 3041 1080 3120">
     <span class='ocr_line' id='line_1_36' title="bbox 302 3041 1080 3120; baseline 0.003 -18"><span class='ocrx_word' id='word_1_232' title='bbox 302 3041 355 3102; x_wconf 71' lang='lat' dir='ltr'><strong>Nee</strong></span> <span class='ocrx_word' id='word_1_233' title='bbox 373 3056 453 3103; x_wconf 69' lang='lat' dir='ltr'><strong>nmen</strong></span> <span class='ocrx_word' id='word_1_234' title='bbox 468 3052 580 3112; x_wconf 79' lang='lat' dir='ltr'><strong>inficior,</strong></span> <span class='ocrx_word' id='word_1_235' title='bbox 601 3055 621 3102; x_wconf 91' lang='lat' dir='ltr'><strong>si</strong></span> <span class='ocrx_word' id='word_1_236' title='bbox 635 3055 728 3120; x_wconf 77' lang='lat' dir='ltr'><strong>possint</strong></span> <span class='ocrx_word' id='word_1_237' title='bbox 743 3053 819 3102; x_wconf 77' lang='lat' dir='ltr'><strong>nostra</strong></span> <span class='ocrx_word' id='word_1_238' title='bbox 836 3052 937 3104; x_wconf 68' lang='lat' dir='ltr'><strong>coire*</strong></span> <span class='ocrx_word' id='word_1_239' title='bbox 1004 3043 1009 3080; x_wconf 77' lang='lat' dir='ltr'><strong><em>J</em></strong></span> <span class='ocrx_word' id='word_1_240' title='bbox 1079 3051 1080 3058; x_wconf 69' lang='grc'>’</span> 
     </span>
    </p>
   </div>
   <div class='ocr_carea' id='block_1_8' title="bbox 339 3123 929 3194">
    <p class='ocr_par' dir='ltr' id='par_1_8' title="bbox 339 3123 929 3194">
     <span class='ocr_line' id='line_1_37' title="bbox 339 3123 929 3194; baseline -0.002 -13"><span class='ocrx_word' id='word_1_241' title='bbox 339 3127 468 3188; x_wconf 78' lang='lat' dir='ltr'><strong>Vulnera,</strong></span> <span class='ocrx_word' id='word_1_242' title='bbox 485 3128 613 3194; x_wconf 72' lang='lat' dir='ltr'><strong>preceptis</strong></span> <span class='ocrx_word' id='word_1_243' title='bbox 628 3123 693 3194; x_wconf 81' lang='lat' dir='ltr'><strong>polle</strong></span> <span class='ocrx_word' id='word_1_244' title='bbox 713 3127 782 3178; x_wconf 79' lang='lat' dir='ltr'><strong>coire</strong></span> <span class='ocrx_word' id='word_1_245' title='bbox 798 3127 857 3180; x_wconf 69' lang='lat' dir='ltr'><strong>tuisz</strong></span> <span class='ocrx_word' id='word_1_246' title='bbox 926 3141 929 3150; x_wconf 63' lang='lat'><em>¹</em></span> 
     </span>
    </p>
   </div>
   <div class='ocr_carea' id='block_1_9' title="bbox 0 0 1188 3942">
    <p class='ocr_par' dir='ltr' id='par_1_9' title="bbox 0 0 1188 3942">
     <span class='ocr_line' id='line_1_38' title="bbox 0 0 1188 3942; baseline 0 0"><span class='ocrx_word' id='word_1_247' title='bbox 0 0 1188 3942; x_wconf 95' lang='lat' dir='ltr'><strong> </strong></span> 
     </span>
    </p>
   </div>
  </div>
 </body>
</html>
