2367 3942
276 423 349 517 178
389 420 431 489 P.
459 420 653 491 Orruit
677 423 903 494 Nasonis

273 544 409 612 Augurium
423 542 488 593 ratio
501 542 554 600 eii,
572 542 600 593 dc
615 539 754 608 conjeiiurt
768 542 865 603 suturip

310 618 365 667 Hac
381 617 507 673 divinavi,
526 616 686 682 notitiamque
703 617 757 666 tuli.

273 694 336 756 Qun
352 690 465 758 quoniam
475 701 528 739 rata
544 689 618 746 sunt,
635 688 690 739 toti
704 689 762 739 mihi
776 700 858 741 mente
874 689 972 760 tibique

255 764 260 773 ’
312 764 449 823 Gratulor,
466 762 588 831 ingenium
602 778 652 811 non
668 762 759 812 latuisse
772 776 850 813 tuum.

168 867 175 881 ·
233 856 262 901 55
278 839 310 888 At
327 837 431 887 nostrum
445 837 554 887 tenebris
568 836 660 885 utinam
675 835 778 886 latuisset
793 835 887 889 inimic
902 838 911 888 1

313 911 427 976 Expediit
442 910 519 959 studio
538 911 620 959 lumen
636 908 714 959 abesse
731 926 797 959 meo.

274 986 358 1049 thue
373 983 417 1038 tibi
432 982 532 1049 prosunt
548 995 632 1041 artes,
648 982 771 1043 facunde,
789 982 905 1043 sever-23

310 1043 447 1107 Dissimiles
462 1057 509 1107 illis
523 1056 559 1107 sic
576 1071 683 1105 nocuere
701 1055 768 1105 mihi.

273 1130 334 1181 Vita
348 1142 430 1179 tamen
445 1130 490 1179 tibi
504 1141 630 1179 notamen
644 1128 696 1180 estc
710 1129 754 1182 scis
769 1128 860 1182 artibus
874 1129 924 1181 iliis
948 1182 951 1191 ,

229 1205 264 1255 60
313 1203 424 1254 Audioris
438 1218 519 1252 mores
535 1200 666 1253 abstinuisse
684 1201 728 1253 sui.

277 1278 331 1327 Scis
342 1289 413 1327 retus
424 1277 473 1326 hoc
483 1276 566 1342 juveni
575 1275 652 1325 lusum
663 1276 719 1324 mihi
729 1292 826 1327 carmen
837 1291 844 1327 ε
858 1277 883 1328 di
894 1275 972 1338 istos,

311 1351 347 1400 Ut
361 1366 411 1399 non
426 1349 577 1407 laudandos,
596 1348 632 1397 ric
646 1348 790 1399 tamen-effe
806 1349 888 1414 jocos·

273 1424 358 1490 Ergo,
374 1435 402 1473 ut
418 1422 516 1473 defendi
530 1423 599 1471 nulio
615 1438 668 1471 mea
684 1421 749 1487 posse
765 1424 869 1482 colore,

309 1498 351 1546 Sic
366 1497 473 1547 excusari
488 1496 587 1546 crimina
601 1494 687 1561 posse,
705 1508 774 1561 puto.

227 1567 260 1633 65
273 1568 331 1634 Qud
346 1582 437 1635 potes,
455 1570 542 1621 excusa
555 1585 619 1620 :nec
636 1568 706 1617 amici
720 1569 803 1619 desere
817 1568 924 1625 eauiatn,

309 1643 368 1707 Quo
385 1645 449 1693 bene
465 1641 573 1709 coepisti,
590 1642 624 1692 sic
642 1642 711 1707 pede*
723 1641 815 1708 semper
831 1658 884 1693 eas.

271 1748 919 1805 aaa&

413 1850 788 1915 ELEG1.·A1X.

272 1941 457 2070 Esrmihi,
470 2012 566 2079 sitque,
579 2028 685 2079 precor,
698 2008 853 2061 ravennia
862 2006 989 2060 Minerva
1065 2024 1069 2031 ·

306 2084 401 2143 Navist
420 2085 445 2134 δι
458 2102 472 2133 a
487 2087 549 2152 pisia
564 2086 658 2136 casside
675 2100 765 2135 nomen
778 2084 861 2133 habet.

204 2212 211 2219 ¹
270 2155 327 2205 Sive
338 2174 399 2224 opus
410 2157 443 2207 est
452 2160 514 2210 veiis
525 2192 533 2220 ,
547 2158 743 2211 minimtmbene
752 2157 828 2208 currit
838 2156 868 2207 ad
878 2170 958 2205 auram
973 2171 986 2206 τ

306 2229 362 2280 Sive
378 2248 439 2297 opus
457 2232 490 2281 est
506 2248 595 2289 remo,
613 2227 708 2298 remige
723 2232 801 2295 carpit
814 2229 873 2295 iter.¹

246 2316 258 2364 5
272 2302 327 2351 Nec
343 2304 447 2354 comites
463 2306 558 2356 volucri
576 2303 744 2354 contenta·esi
757 2304 857 2353 vincere
874 2298 943 2351 cursu
954 2334 967 2359 ‚.

306 2376 420 2443 Occupat
434 2378 537 2443 egressas
553 2377 684 2444 quamlibet
700 2387 757 2425 ante
771 2387 846 2425 rates.

268 2447 300 2497 Et
315 2449 404 2512 patitur
415 2450 517 2509 nunus,
535 2451 632 2515 fertque
647 2448 776 2498 assilientia
792 2445 865 2513 longi

303 2518 431 2588 AEquora‚
450 2538 496 2572 ner
512 2520 579 2573 sceris
600 2520 644 2569 ieta
660 2520 749 2570 fatiscit
763 2520 841 2586 aquic.

248 2604 251 2607 ’
268 2595 331 2653 isla,
346 2594 508 2646 Corinthiacis
525 2592 625 2661 primdm
640 2594 697 2643 mihi
712 2592 808 2661 cognita
824 2588 966 2652 eeachns,

226 2662 271 2715 ro'
305 2668 363 2717 Fida
380 2679 461 2719 manet
478 2669 578 2735 trepidae
597 2667 693 2733 duxque
712 2680 843 2731 comesque
860 2665 936 2733 suga·

267 2739 361 2805 Perque
376 2752 416 2791 tot
432 2754 534 2792 eventus
546 2741 597 2800 ,dt
610 2739 697 2807 iniquis
715 2739 812 2789 concita
827 2739 909 2789 ventis
961 2800 966 2811 Ι

247 2872 255 2887 ’
300 2812 428 2880 AEquora,
448 2814 554 2865 Paliadio
570 2814 666 2863 nurnine
680 2824 734 2863 tuta
750 2813 825 2881 fugit.

265 2888 336 2937 Nunc
349 2904 446 2955 quoque
456 2901 526 2948 tuta,
541 2903 652 2953 precor,
666 2885 724 2936 vasti
736 2886 804 2937 secet
816 2884 873 2936 ostia
885 2884 974 2946 Ponti}

302 2960 419 3028 Quasque
434 2963 519 3027 petit,
535 2960 620 3013 Getici
633 2959 713 3010 litoris
727 2960 803 3011 intret
820 2976 904 3027 aquas.

224 3046 233 3080 r
241 3047 259 3094 ς,
268 3032 331 3096 Qun
349 3036 418 3084 simus
431 3033 519 3086 AEoliae
534 3052 598 3085 mare
612 3050 651 3085 me
668 3034 769 3085 dednnit
784 3036 808 3084 in
821 3034 935 3092 Helles,

299 3106 330 3157 Et
346 3110 444 3178 longum
460 3110 527 3162 tenui
543 3110 619 3160 limite
636 3108 696 3163 tccit
713 3108 785 3168 iter,
