<?xml version="1.0" encoding="UTF-8"?>
<!DOCTYPE html PUBLIC "-//W3C//DTD XHTML 1.0 Transitional//EN"
    "http://www.w3.org/TR/xhtml1/DTD/xhtml1-transitional.dtd">
<html xmlns="http://www.w3.org/1999/xhtml" xml:lang="en" lang="en">
 <head>
  <title>
</title>
<meta http-equiv="Content-Type" content="text/html;charset=utf-8" />
  <meta name='ocr-system' content='tesseract 3.04.00' />
  <meta name='ocr-capabilities' content='ocr_page ocr_carea ocr_par ocr_line ocrx_word'/>
</head>
<body>
  <div class='ocr_page' id='page_1' title='image "./povidiinasoniso01heingoog_0290.png"; bbox 0 0 2367 3942; ppageno 0'>
   <div class='ocr_carea' id='block_1_1' title="bbox 251 443 889 542">
    <p class='ocr_par' dir='ltr' id='par_1_1' title="bbox 251 443 889 542">
     <span class='ocr_line' id='line_1_1' title="bbox 251 443 889 542; baseline 0.013 -30"><span class='ocrx_word' id='word_1_1' title='bbox 251 443 395 513; x_wconf 66' lang='lat' dir='ltr'>amm.</span> <span class='ocrx_word' id='word_1_2' title='bbox 424 461 481 512; x_wconf 74' lang='lat' dir='ltr'>rx</span> <span class='ocrx_word' id='word_1_3' title='bbox 509 448 651 513; x_wconf 68' lang='lat' dir='ltr'>Ponto</span> <span class='ocrx_word' id='word_1_4' title='bbox 678 446 716 513; x_wconf 81' lang='lat' dir='ltr'><strong><em>L</em></strong></span> <span class='ocrx_word' id='word_1_5' title='bbox 742 449 772 517; x_wconf 85' lang='lat'>1.</span> <span class='ocrx_word' id='word_1_6' title='bbox 814 449 889 542; x_wconf 83' lang='lat'>289</span> 
     </span>
    </p>
   </div>
   <div class='ocr_carea' id='block_1_2' title="bbox 105 559 932 2028">
    <p class='ocr_par' dir='ltr' id='par_1_2' title="bbox 173 559 929 702">
     <span class='ocr_line' id='line_1_2' title="bbox 173 559 929 632; baseline 0.001 -16"><span class='ocrx_word' id='word_1_7' title='bbox 173 564 208 616; x_wconf 79' lang='lat' dir='ltr'>Et</span> <span class='ocrx_word' id='word_1_8' title='bbox 220 563 326 621; x_wconf 81' lang='lat' dir='ltr'>discam,</span> <span class='ocrx_word' id='word_1_9' title='bbox 345 559 429 612; x_wconf 86' lang='lat' dir='ltr'>Getici</span> <span class='ocrx_word' id='word_1_10' title='bbox 446 579 498 628; x_wconf 86' lang='lat' dir='ltr'>quae</span> <span class='ocrx_word' id='word_1_11' title='bbox 512 563 594 612; x_wconf 86' lang='lat' dir='ltr'>norint</span> <span class='ocrx_word' id='word_1_12' title='bbox 612 563 684 612; x_wconf 86' lang='lat' dir='ltr'>verba</span> <span class='ocrx_word' id='word_1_13' title='bbox 700 563 818 630; x_wconf 84' lang='lat' dir='ltr'>juvenci,</span> <span class='ocrx_word' id='word_1_14' title='bbox 900 582 929 632; x_wconf 85' lang='lat'>55</span> 
     </span>
     <span class='ocr_line' id='line_1_3' title="bbox 215 634 752 702; baseline 0 -16"><span class='ocrx_word' id='word_1_15' title='bbox 215 637 326 686; x_wconf 79' lang='lat' dir='ltr'>Affuetas</span> <span class='ocrx_word' id='word_1_16' title='bbox 341 636 388 684; x_wconf 81' lang='lat' dir='ltr'>illis</span> <span class='ocrx_word' id='word_1_17' title='bbox 406 634 563 702; x_wconf 82' lang='lat' dir='ltr'>adjiciamque</span> <span class='ocrx_word' id='word_1_18' title='bbox 580 636 667 700; x_wconf 81' lang='lat' dir='ltr'>minas.</span> <span class='ocrx_word' id='word_1_19' title='bbox 749 661 752 668; x_wconf 67' lang='lat'>=</span> 
     </span>
    </p>

    <p class='ocr_par' dir='ltr' id='par_1_3' title="bbox 176 709 820 849">
     <span class='ocr_line' id='line_1_4' title="bbox 176 709 820 777; baseline 0.002 -17"><span class='ocrx_word' id='word_1_20' title='bbox 176 711 249 777; x_wconf 82' lang='lat' dir='ltr'>lpse,</span> <span class='ocrx_word' id='word_1_21' title='bbox 268 725 341 758; x_wconf 85' lang='lat' dir='ltr'>manu</span> <span class='ocrx_word' id='word_1_22' title='bbox 356 710 466 773; x_wconf 89' lang='lat' dir='ltr'>capulum</span> <span class='ocrx_word' id='word_1_23' title='bbox 479 710 560 774; x_wconf 87' lang='lat' dir='ltr'>prensi</span> <span class='ocrx_word' id='word_1_24' title='bbox 576 709 714 759; x_wconf 86' lang='lat' dir='ltr'>moderatus</span> <span class='ocrx_word' id='word_1_25' title='bbox 730 711 820 773; x_wconf 80' lang='lat' dir='ltr'>aratri,</span> 
     </span>
     <span class='ocr_line' id='line_1_5' title="bbox 213 781 741 849; baseline 0.002 -16"><span class='ocrx_word' id='word_1_26' title='bbox 213 783 332 849; x_wconf 82' lang='lat' dir='ltr'>Experiar</span> <span class='ocrx_word' id='word_1_27' title='bbox 350 781 416 830; x_wconf 70' lang='lat' dir='ltr'>mord</span> <span class='ocrx_word' id='word_1_28' title='bbox 433 781 543 848; x_wconf 84' lang='lat' dir='ltr'>spargere</span> <span class='ocrx_word' id='word_1_29' title='bbox 561 781 641 832; x_wconf 85' lang='lat' dir='ltr'>semen</span> <span class='ocrx_word' id='word_1_30' title='bbox 658 784 741 834; x_wconf 88' lang='lat' dir='ltr'>humo.</span> 
     </span>
    </p>

    <p class='ocr_par' dir='ltr' id='par_1_4' title="bbox 175 852 932 998">
     <span class='ocr_line' id='line_1_6' title="bbox 175 852 797 924; baseline 0.002 -17"><span class='ocrx_word' id='word_1_31' title='bbox 175 857 231 907; x_wconf 82' lang='lat' dir='ltr'>Nee</span> <span class='ocrx_word' id='word_1_32' title='bbox 250 855 358 904; x_wconf 76' lang='lat' dir='ltr'>dubitem</span> <span class='ocrx_word' id='word_1_33' title='bbox 376 852 453 924; x_wconf 80' lang='lat' dir='ltr'>longis</span> <span class='ocrx_word' id='word_1_34' title='bbox 470 871 572 922; x_wconf 84' lang='lat' dir='ltr'>purgare</span> <span class='ocrx_word' id='word_1_35' title='bbox 588 855 708 922; x_wconf 82' lang='lat' dir='ltr'>ligonibus</span> <span class='ocrx_word' id='word_1_36' title='bbox 724 873 797 917; x_wconf 79' lang='lat' dir='ltr'>arva,</span> 
     </span>
     <span class='ocr_line' id='line_1_7' title="bbox 213 927 932 998; baseline 0.006 -21"><span class='ocrx_word' id='word_1_37' title='bbox 213 929 245 978; x_wconf 87' lang='lat' dir='ltr'>Et</span> <span class='ocrx_word' id='word_1_38' title='bbox 261 928 318 978; x_wconf 85' lang='lat' dir='ltr'>dare</span> <span class='ocrx_word' id='word_1_39' title='bbox 332 927 401 993; x_wconf 82' lang='lat' dir='ltr'>jam,</span> <span class='ocrx_word' id='word_1_40' title='bbox 421 927 504 979; x_wconf 84' lang='lat' dir='ltr'>sitiens</span> <span class='ocrx_word' id='word_1_41' title='bbox 521 945 578 994; x_wconf 87' lang='lat' dir='ltr'>quas</span> <span class='ocrx_word' id='word_1_42' title='bbox 594 929 658 977; x_wconf 90' lang='lat' dir='ltr'>bibat</span> <span class='ocrx_word' id='word_1_43' title='bbox 673 929 776 988; x_wconf 76' lang='lat' dir='ltr'>hortus,</span> <span class='ocrx_word' id='word_1_44' title='bbox 795 947 876 998; x_wconf 87' lang='lat' dir='ltr'>aquas.</span> <span class='ocrx_word' id='word_1_45' title='bbox 899 932 932 984; x_wconf 88' lang='lat'>60</span> 
     </span>
    </p>

    <p class='ocr_par' dir='ltr' id='par_1_5' title="bbox 175 999 888 1142">
     <span class='ocr_line' id='line_1_8' title="bbox 175 999 888 1071; baseline 0.008 -21"><span class='ocrx_word' id='word_1_46' title='bbox 175 1003 251 1054; x_wconf 87' lang='lat' dir='ltr'>Unde</span> <span class='ocrx_word' id='word_1_47' title='bbox 262 999 304 1050; x_wconf 87' lang='lat' dir='ltr'>sed</span> <span class='ocrx_word' id='word_1_48' title='bbox 315 1001 363 1049; x_wconf 88' lang='lat' dir='ltr'>hoc</span> <span class='ocrx_word' id='word_1_49' title='bbox 374 1001 442 1071; x_wconf 85' lang='lat' dir='ltr'>nobis</span> <span class='ocrx_word' id='word_1_50' title='bbox 454 1034 462 1056; x_wconf 92' lang='lat'><em>,</em></span> <span class='ocrx_word' id='word_1_51' title='bbox 482 1003 603 1052; x_wconf 88' lang='lat' dir='ltr'>minimum</span> <span class='ocrx_word' id='word_1_52' title='bbox 615 1018 675 1068; x_wconf 86' lang='lat' dir='ltr'>quos</span> <span class='ocrx_word' id='word_1_53' title='bbox 687 1003 750 1065; x_wconf 88' lang='lat' dir='ltr'>inter</span> <span class='ocrx_word' id='word_1_54' title='bbox 762 1004 787 1054; x_wconf 81' lang='grc' dir='ltr'>δι</span> <span class='ocrx_word' id='word_1_55' title='bbox 797 1005 888 1055; x_wconf 79' lang='lat' dir='ltr'>hostem</span> 
     </span>
     <span class='ocr_line' id='line_1_9' title="bbox 212 1073 769 1142; baseline 0.004 -18"><span class='ocrx_word' id='word_1_56' title='bbox 212 1073 351 1124; x_wconf 83' lang='lat' dir='ltr'>Discrimen</span> <span class='ocrx_word' id='word_1_57' title='bbox 366 1090 446 1124; x_wconf 81' lang='lat' dir='ltr'>murus</span> <span class='ocrx_word' id='word_1_58' title='bbox 460 1075 584 1142; x_wconf 78' lang='lat' dir='ltr'>clausaque</span> <span class='ocrx_word' id='word_1_59' title='bbox 601 1078 671 1141; x_wconf 87' lang='lat' dir='ltr'>por&#39;ta</span> <span class='ocrx_word' id='word_1_60' title='bbox 687 1074 769 1126; x_wconf 78' lang='lat' dir='ltr'>facit?</span> 
     </span>
    </p>

    <p class='ocr_par' dir='ltr' id='par_1_6' title="bbox 176 1147 796 1272">
     <span class='ocr_line' id='line_1_10' title="bbox 176 1147 796 1214; baseline 0.002 -15"><span class='ocrx_word' id='word_1_61' title='bbox 176 1148 211 1199; x_wconf 77' lang='lat' dir='ltr'>At</span> <span class='ocrx_word' id='word_1_62' title='bbox 226 1148 274 1197; x_wconf 88' lang='lat' dir='ltr'>tibi</span> <span class='ocrx_word' id='word_1_63' title='bbox 290 1147 420 1203; x_wconf 83' lang='lat' dir='ltr'>nascenti,</span> <span class='ocrx_word' id='word_1_64' title='bbox 438 1148 503 1212; x_wconf 93' lang='lat' dir='ltr'>quod</span> <span class='ocrx_word' id='word_1_65' title='bbox 519 1160 574 1198; x_wconf 81' lang='lat' dir='ltr'>roto</span> <span class='ocrx_word' id='word_1_66' title='bbox 590 1149 689 1214; x_wconf 67' lang='lat' dir='ltr'>pediore</span> <span class='ocrx_word' id='word_1_67' title='bbox 705 1150 796 1211; x_wconf 76' lang='lat' dir='ltr'>lator,</span> 
     </span>
     <span class='ocr_line' id='line_1_11' title="bbox 213 1219 647 1272; baseline 0.002 -1"><span class='ocrx_word' id='word_1_68' title='bbox 213 1222 312 1271; x_wconf 78' lang='lat' dir='ltr'>Nerunt</span> <span class='ocrx_word' id='word_1_69' title='bbox 329 1220 414 1269; x_wconf 81' lang='lat' dir='ltr'>fatales</span> <span class='ocrx_word' id='word_1_70' title='bbox 431 1219 503 1270; x_wconf 83' lang='lat' dir='ltr'>fortia</span> <span class='ocrx_word' id='word_1_71' title='bbox 519 1220 558 1270; x_wconf 81' lang='lat' dir='ltr'>fita</span> <span class='ocrx_word' id='word_1_72' title='bbox 574 1221 647 1272; x_wconf 82' lang='lat' dir='ltr'>Deae.</span> 
     </span>
    </p>

    <p class='ocr_par' dir='ltr' id='par_1_7' title="bbox 105 1293 928 1434">
     <span class='ocr_line' id='line_1_12' title="bbox 105 1293 928 1364; baseline 0.009 -21"><span class='ocrx_word' id='word_1_73' title='bbox 105 1327 108 1330; x_wconf 83' lang='lat'>-</span> <span class='ocrx_word' id='word_1_74' title='bbox 175 1294 215 1344; x_wconf 93' lang='lat' dir='ltr'>Te</span> <span class='ocrx_word' id='word_1_75' title='bbox 223 1293 299 1344; x_wconf 76' lang='lat' dir='ltr'>modo</span> <span class='ocrx_word' id='word_1_76' title='bbox 308 1293 578 1360; x_wconf 62' lang='lat' dir='ltr'>Campushabetdensd</span> <span class='ocrx_word' id='word_1_77' title='bbox 586 1293 883 1364; x_wconf 73' lang='lat' dir='ltr'>moddportieus&#39;umbri:</span> <span class='ocrx_word' id='word_1_78' title='bbox 896 1299 928 1364; x_wconf 82' lang='lat'>65</span> 
     </span>
     <span class='ocr_line' id='line_1_13' title="bbox 214 1367 830 1434; baseline 0.005 -18"><span class='ocrx_word' id='word_1_79' title='bbox 214 1368 306 1426; x_wconf 86' lang='lat' dir='ltr'>Nunc,</span> <span class='ocrx_word' id='word_1_80' title='bbox 323 1367 348 1415; x_wconf 90' lang='lat' dir='ltr'>in</span> <span class='ocrx_word' id='word_1_81' title='bbox 365 1382 412 1433; x_wconf 91' lang='lat' dir='ltr'>quo</span> <span class='ocrx_word' id='word_1_82' title='bbox 429 1369 499 1432; x_wconf 89' lang='lat' dir='ltr'>ponis</span> <span class='ocrx_word' id='word_1_83' title='bbox 514 1379 626 1434; x_wconf 84' lang='lat' dir='ltr'>tempora</span> <span class='ocrx_word' id='word_1_84' title='bbox 642 1385 712 1427; x_wconf 87' lang='lat' dir='ltr'>rara,</span> <span class='ocrx_word' id='word_1_85' title='bbox 731 1371 830 1420; x_wconf 82' lang='lat' dir='ltr'>Forum.</span> 
     </span>
    </p>

    <p class='ocr_par' dir='ltr' id='par_1_8' title="bbox 177 1439 883 1581">
     <span class='ocr_line' id='line_1_14' title="bbox 177 1439 883 1507; baseline 0.006 -17"><span class='ocrx_word' id='word_1_86' title='bbox 177 1440 280 1490; x_wconf 80' lang='lat' dir='ltr'>Umbria</span> <span class='ocrx_word' id='word_1_87' title='bbox 295 1457 357 1490; x_wconf 89' lang='lat' dir='ltr'>nunc</span> <span class='ocrx_word' id='word_1_88' title='bbox 375 1451 475 1490; x_wconf 85' lang='lat' dir='ltr'>revocat</span> <span class='ocrx_word' id='word_1_89' title='bbox 487 1456 493 1490; x_wconf 91' lang='lat'><strong>:</strong></span> <span class='ocrx_word' id='word_1_90' title='bbox 505 1458 616 1490; x_wconf 88' lang='lat' dir='ltr'>necnon</span> <span class='ocrx_word' id='word_1_91' title='bbox 632 1439 726 1490; x_wconf 81' lang='lat' dir='ltr'>Albana</span> <span class='ocrx_word' id='word_1_92' title='bbox 742 1454 868 1507; x_wconf 84' lang='lat' dir='ltr'>petentem</span> <span class='ocrx_word' id='word_1_93' title='bbox 880 1455 883 1465; x_wconf 80' lang='lat'><em>&#39;</em></span> 
     </span>
     <span class='ocr_line' id='line_1_15' title="bbox 214 1512 744 1581; baseline 0 -17"><span class='ocrx_word' id='word_1_94' title='bbox 214 1512 294 1581; x_wconf 80' lang='lat' dir='ltr'>Appia</span> <span class='ocrx_word' id='word_1_95' title='bbox 309 1513 414 1563; x_wconf 80' lang='lat' dir='ltr'>ferventi</span> <span class='ocrx_word' id='word_1_96' title='bbox 430 1513 496 1563; x_wconf 74' lang='lat' dir='ltr'>ducit</span> <span class='ocrx_word' id='word_1_97' title='bbox 511 1515 537 1562; x_wconf 89' lang='lat' dir='ltr'>in</span> <span class='ocrx_word' id='word_1_98' title='bbox 554 1529 612 1563; x_wconf 77' lang='lat' dir='ltr'>arva</span> <span class='ocrx_word' id='word_1_99' title='bbox 628 1513 691 1564; x_wconf 67' lang='lat' dir='ltr'>rotd.</span> <span class='ocrx_word' id='word_1_100' title='bbox 741 1538 744 1546; x_wconf 92' lang='lat'>·</span> 
     </span>
    </p>

    <p class='ocr_par' dir='ltr' id='par_1_9' title="bbox 175 1585 930 1729">
     <span class='ocr_line' id='line_1_16' title="bbox 175 1585 805 1654; baseline 0.002 -18"><span class='ocrx_word' id='word_1_101' title='bbox 175 1586 288 1636; x_wconf 77' lang='lat' dir='ltr'>Forsitan</span> <span class='ocrx_word' id='word_1_102' title='bbox 301 1585 341 1635; x_wconf 86' lang='lat' dir='ltr'>hic</span> <span class='ocrx_word' id='word_1_103' title='bbox 358 1597 448 1650; x_wconf 82' lang='lat' dir='ltr'>optes,</span> <span class='ocrx_word' id='word_1_104' title='bbox 445 1599 449 1606; x_wconf 89' lang='lat'>·</span> <span class='ocrx_word' id='word_1_105' title='bbox 464 1598 493 1636; x_wconf 85' lang='lat' dir='ltr'>ut</span> <span class='ocrx_word' id='word_1_106' title='bbox 506 1585 589 1651; x_wconf 82' lang='lat' dir='ltr'>justam</span> <span class='ocrx_word' id='word_1_107' title='bbox 605 1587 733 1654; x_wconf 81' lang='lat' dir='ltr'>supprimat</span> <span class='ocrx_word' id='word_1_108' title='bbox 746 1587 805 1638; x_wconf 88' lang='lat' dir='ltr'>iram</span> 
     </span>
     <span class='ocr_line' id='line_1_17' title="bbox 215 1658 930 1729; baseline 0 -18"><span class='ocrx_word' id='word_1_109' title='bbox 215 1659 315 1717; x_wconf 57' lang='lat' dir='ltr'>Casan</span> <span class='ocrx_word' id='word_1_110' title='bbox 337 1659 363 1710; x_wconf 81' lang='grc' dir='ltr'>δι</span> <span class='ocrx_word' id='word_1_111' title='bbox 377 1658 506 1724; x_wconf 78' lang='lat' dir='ltr'>hospitium</span> <span class='ocrx_word' id='word_1_112' title='bbox 522 1660 555 1709; x_wconf 84' lang='lat' dir='ltr'>sit</span> <span class='ocrx_word' id='word_1_113' title='bbox 569 1671 611 1709; x_wconf 83' lang='lat' dir='ltr'>tua</span> <span class='ocrx_word' id='word_1_114' title='bbox 626 1661 681 1710; x_wconf 84' lang='lat' dir='ltr'>villa</span> <span class='ocrx_word' id='word_1_115' title='bbox 697 1675 785 1712; x_wconf 88' lang='lat' dir='ltr'>meum.</span> <span class='ocrx_word' id='word_1_116' title='bbox 894 1679 930 1729; x_wconf 84' lang='lat'>70</span> 
     </span>
    </p>

    <p class='ocr_par' dir='ltr' id='par_1_10' title="bbox 175 1729 926 1870">
     <span class='ocr_line' id='line_1_18' title="bbox 175 1729 926 1804; baseline 0.008 -22"><span class='ocrx_word' id='word_1_117' title='bbox 175 1731 233 1782; x_wconf 77' lang='lat' dir='ltr'>Ah.</span> <span class='ocrx_word' id='word_1_118' title='bbox 227 1733 270 1766; x_wconf 87' lang='lat'>¹</span> <span class='ocrx_word' id='word_1_119' title='bbox 245 1731 344 1782; x_wconf 88' lang='lat' dir='ltr'>nrmium</span> <span class='ocrx_word' id='word_1_120' title='bbox 355 1729 388 1780; x_wconf 78' lang='lat' dir='ltr'>est</span> <span class='ocrx_word' id='word_1_121' title='bbox 396 1731 490 1798; x_wconf 87' lang='lat' dir='ltr'>,quod,</span> <span class='ocrx_word' id='word_1_122' title='bbox 501 1733 577 1783; x_wconf 88' lang='lat' dir='ltr'>amice</span> <span class='ocrx_word' id='word_1_123' title='bbox 586 1734 682 1800; x_wconf 75' lang='lat' dir='ltr'>,perier</span> <span class='ocrx_word' id='word_1_124' title='bbox 693 1733 840 1787; x_wconf 78' lang='lat' dir='ltr'>moderatius</span> <span class='ocrx_word' id='word_1_125' title='bbox 851 1749 926 1804; x_wconf 81' lang='lat' dir='ltr'>opta.</span> 
     </span>
     <span class='ocr_line' id='line_1_19' title="bbox 214 1803 719 1888; baseline 0.006 -33"><span class='ocrx_word' id='word_1_126' title='bbox 214 1806 246 1856; x_wconf 88' lang='lat' dir='ltr'>Et</span> <span class='ocrx_word' id='word_1_127' title='bbox 263 1807 335 1863; x_wconf 77' lang='lat' dir='ltr'>voti,</span> <span class='ocrx_word' id='word_1_128' title='bbox 354 1803 452 1888; x_wconf 84' lang='lat' dir='ltr'>quaeso,</span> <span class='ocrx_word' id='word_1_129' title='bbox 470 1807 586 1856; x_wconf 85' lang='lat' dir='ltr'>contrahe</span> <span class='ocrx_word' id='word_1_130' title='bbox 603 1807 719 1858; x_wconf 79' lang='lat' dir='ltr'>relatui.</span> 
     </span>
    </p>

    <p class='ocr_par' dir='ltr' id='par_1_11' title="bbox 176 1867 886 2028">
     <span class='ocr_line' id='line_1_20' title="bbox 176 1867 886 1962; baseline 0.008 -34"><span class='ocrx_word' id='word_1_131' title='bbox 176 1879 256 1929; x_wconf 78' lang='lat' dir='ltr'>Terra</span> <span class='ocrx_word' id='word_1_132' title='bbox 271 1879 345 1927; x_wconf 85' lang='lat' dir='ltr'>veiim</span> <span class='ocrx_word' id='word_1_133' title='bbox 357 1867 475 1962; x_wconf 83' lang='lat' dir='ltr'>propior,</span> <span class='ocrx_word' id='word_1_134' title='bbox 494 1880 600 1946; x_wconf 84' lang='lat' dir='ltr'>nullique</span> <span class='ocrx_word' id='word_1_135' title='bbox 615 1881 721 1932; x_wconf 81' lang='lat' dir='ltr'>obnoxia</span> <span class='ocrx_word' id='word_1_136' title='bbox 737 1881 820 1942; x_wconf 75' lang='lat' dir='ltr'>bello,</span> <span class='ocrx_word' id='word_1_137' title='bbox 880 1941 886 1947; x_wconf 53' lang='grc'><strong>,</strong></span> 
     </span>
     <span class='ocr_line' id='line_1_21' title="bbox 212 1949 882 2028; baseline 0.006 -26"><span class='ocrx_word' id='word_1_138' title='bbox 212 1952 316 2003; x_wconf 83' lang='lat' dir='ltr'>Detur:</span> <span class='ocrx_word' id='word_1_139' title='bbox 319 1951 376 2002; x_wconf 89' lang='lat' dir='ltr'>etit</span> <span class='ocrx_word' id='word_1_140' title='bbox 389 1949 472 2002; x_wconf 82' lang='lat' dir='ltr'>nostris</span> <span class='ocrx_word' id='word_1_141' title='bbox 489 1970 542 2018; x_wconf 87' lang='lat' dir='ltr'>pars</span> <span class='ocrx_word' id='word_1_142' title='bbox 557 1956 621 2018; x_wconf 83' lang='lat' dir='ltr'>bona</span> <span class='ocrx_word' id='word_1_143' title='bbox 638 1955 718 2004; x_wconf 79' lang='lat' dir='ltr'>dem&#39;tn</span> <span class='ocrx_word' id='word_1_144' title='bbox 733 1957 809 2008; x_wconf 83' lang='lat' dir='ltr'>malis.</span> <span class='ocrx_word' id='word_1_145' title='bbox 877 2019 882 2028; x_wconf 30' lang='grc' dir='ltr'><em>ι</em></span> 
     </span>
    </p>
   </div>
   <div class='ocr_carea' id='block_1_3' title="bbox 328 2175 793 2366">
    <p class='ocr_par' dir='ltr' id='par_1_12' title="bbox 328 2175 793 2366">
     <span class='ocr_line' id='line_1_22' title="bbox 328 2175 793 2246; baseline 0.011 -5"><span class='ocrx_word' id='word_1_146' title='bbox 328 2175 671 2242; x_wconf 83' lang='lat' dir='ltr'><strong>EPISTOLA</strong></span> <span class='ocrx_word' id='word_1_147' title='bbox 720 2181 793 2246; x_wconf 82' lang='lat' dir='ltr'>tx.</span> 
     </span>
     <span class='ocr_line' id='line_1_23' title="bbox 419 2299 703 2366; baseline 0.015 -4"><span class='ocrx_word' id='word_1_148' title='bbox 419 2299 703 2366; x_wconf 83' lang='grc' dir='ltr'><em>ΜΑΧΙΜΟ.</em></span> 
     </span>
    </p>
   </div>
   <div class='ocr_carea' id='block_1_4' title="bbox 97 2453 903 2982">
    <p class='ocr_par' dir='ltr' id='par_1_13' title="bbox 97 2453 903 2968">
     <span class='ocr_line' id='line_1_24' title="bbox 255 2453 846 2528; baseline 0.019 -23"><span class='ocrx_word' id='word_1_149' title='bbox 255 2469 276 2504; x_wconf 81' lang='lat' dir='ltr'>u</span> <span class='ocrx_word' id='word_1_150' title='bbox 284 2467 309 2507; x_wconf 70' lang='grc' dir='ltr'><strong><em>ι</em></strong></span> <span class='ocrx_word' id='word_1_151' title='bbox 320 2453 378 2506; x_wconf 87' lang='lat' dir='ltr'>rnihi</span> <span class='ocrx_word' id='word_1_152' title='bbox 389 2455 420 2507; x_wconf 89' lang='lat' dir='ltr'>de</span> <span class='ocrx_word' id='word_1_153' title='bbox 431 2469 503 2524; x_wconf 84' lang='lat' dir='ltr'>rapto</span> <span class='ocrx_word' id='word_1_154' title='bbox 511 2471 552 2509; x_wconf 82' lang='lat' dir='ltr'>tua</span> <span class='ocrx_word' id='word_1_155' title='bbox 563 2459 632 2511; x_wconf 84' lang='lat' dir='ltr'>venit</span> <span class='ocrx_word' id='word_1_156' title='bbox 645 2460 741 2528; x_wconf 68' lang='lat' dir='ltr'>epistole</span> <span class='ocrx_word' id='word_1_157' title='bbox 754 2462 826 2516; x_wconf 86' lang='lat' dir='ltr'>Celso</span> <span class='ocrx_word' id='word_1_158' title='bbox 837 2495 846 2524; x_wconf 79' lang='grc'><strong>,</strong></span> 
     </span>
     <span class='ocr_line' id='line_1_25' title="bbox 109 2529 806 2604; baseline 0.015 -26"><span class='ocrx_word' id='word_1_159' title='bbox 109 2584 112 2588; x_wconf 54' lang='grc'><strong>,</strong></span> <span class='ocrx_word' id='word_1_160' title='bbox 249 2529 362 2580; x_wconf 86' lang='lat' dir='ltr'>Protinus</span> <span class='ocrx_word' id='word_1_161' title='bbox 377 2530 410 2580; x_wconf 86' lang='lat' dir='ltr'>est</span> <span class='ocrx_word' id='word_1_162' title='bbox 425 2531 536 2604; x_wconf 78' lang='lat' dir='ltr'>lacrymis</span> <span class='ocrx_word' id='word_1_163' title='bbox 551 2533 648 2584; x_wconf 84' lang='lat' dir='ltr'>humida</span> <span class='ocrx_word' id='word_1_164' title='bbox 661 2537 723 2586; x_wconf 76' lang='lat' dir='ltr'>naa</span> <span class='ocrx_word' id='word_1_165' title='bbox 737 2538 806 2590; x_wconf 83' lang='lat' dir='ltr'>meis.</span> 
     </span>
     <span class='ocr_line' id='line_1_26' title="bbox 173 2593 862 2680; baseline 0.013 -28"><span class='ocrx_word' id='word_1_166' title='bbox 173 2593 301 2670; x_wconf 85' lang='lat' dir='ltr'>Quodque</span> <span class='ocrx_word' id='word_1_167' title='bbox 317 2603 397 2654; x_wconf 82' lang='lat' dir='ltr'>nefas</span> <span class='ocrx_word' id='word_1_168' title='bbox 403 2604 483 2663; x_wconf 74' lang='lat' dir='ltr'>dun,</span> <span class='ocrx_word' id='word_1_169' title='bbox 496 2605 551 2657; x_wconf 83' lang='lat' dir='ltr'>fieri</span> <span class='ocrx_word' id='word_1_170' title='bbox 566 2613 613 2658; x_wconf 81' lang='lat' dir='ltr'>nee&#39;</span> <span class='ocrx_word' id='word_1_171' title='bbox 628 2609 711 2674; x_wconf 75' lang='lat' dir='ltr'>poss&#39;e&#39;</span> <span class='ocrx_word' id='word_1_172' title='bbox 708 2611 811 2680; x_wconf 80' lang='lat' dir='ltr'>putavi,</span> <span class='ocrx_word' id='word_1_173' title='bbox 857 2601 862 2648; x_wconf 73' lang='grc' dir='ltr'><strong>Ᾰ</strong></span> 
     </span>
     <span class='ocr_line' id='line_1_27' title="bbox 97 2665 663 2733; baseline 0.013 -9"><span class='ocrx_word' id='word_1_174' title='bbox 97 2698 101 2717; x_wconf 84' lang='lat'><strong>·</strong></span> <span class='ocrx_word' id='word_1_175' title='bbox 213 2675 298 2726; x_wconf 78' lang='lat' dir='ltr'>invitis</span> <span class='ocrx_word' id='word_1_176' title='bbox 314 2677 392 2727; x_wconf 80' lang='lat' dir='ltr'>oeulis</span> <span class='ocrx_word' id='word_1_177' title='bbox 402 2678 474 2728; x_wconf 71' lang='lat' dir='ltr'>{itera</span> <span class='ocrx_word' id='word_1_178' title='bbox 489 2665 550 2729; x_wconf 69' lang='lat' dir='ltr'>tetta</span> <span class='ocrx_word' id='word_1_179' title='bbox 563 2692 605 2730; x_wconf 87' lang='lat' dir='ltr'>tua</span> <span class='ocrx_word' id='word_1_180' title='bbox 621 2683 663 2733; x_wconf 71' lang='lat' dir='ltr'>eu.</span> 
     </span>
     <span class='ocr_line' id='line_1_28' title="bbox 174 2747 903 2837; baseline 0.011 -36"><span class='ocrx_word' id='word_1_181' title='bbox 174 2751 230 2801; x_wconf 87' lang='lat' dir='ltr'>Nec</span> <span class='ocrx_word' id='word_1_182' title='bbox 246 2749 373 2837; x_wconf 82' lang='lat' dir='ltr'>quidquam</span> <span class='ocrx_word' id='word_1_183' title='bbox 389 2752 429 2800; x_wconf 86' lang='lat' dir='ltr'>ad</span> <span class='ocrx_word' id='word_1_184' title='bbox 434 2751 523 2801; x_wconf 79' lang='lat' dir='ltr'>nostras</span> <span class='ocrx_word' id='word_1_185' title='bbox 540 2754 651 2820; x_wconf 80' lang='lat' dir='ltr'>pervdnit</span> <span class='ocrx_word' id='word_1_186' title='bbox 665 2747 774 2807; x_wconf 75' lang='lat' dir='ltr'>acerbius</span> <span class='ocrx_word' id='word_1_187' title='bbox 789 2771 881 2816; x_wconf 80' lang='lat' dir='ltr'>aures,¹</span> <span class='ocrx_word' id='word_1_188' title='bbox 878 2771 903 2820; x_wconf 88' lang='lat'>·5</span> 
     </span>
     <span class='ocr_line' id='line_1_29' title="bbox 209 2823 856 2893; baseline 0.011 -21"><span class='ocrx_word' id='word_1_189' title='bbox 209 2823 247 2873; x_wconf 89' lang='lat' dir='ltr'>Ut</span> <span class='ocrx_word' id='word_1_190' title='bbox 264 2823 363 2872; x_wconf 75' lang='lat' dir='ltr'>sumus</span> <span class='ocrx_word' id='word_1_191' title='bbox 356 2841 380 2872; x_wconf 91' lang='lat' dir='ltr'>m</span> <span class='ocrx_word' id='word_1_192' title='bbox 396 2823 494 2884; x_wconf 83' lang='lat' dir='ltr'>Pont03</span> <span class='ocrx_word' id='word_1_193' title='bbox 512 2828 704 2893; x_wconf 81' lang='lat' dir='ltr'>perveniatque,</span> <span class='ocrx_word' id='word_1_194' title='bbox 722 2845 818 2892; x_wconf 84' lang='lat' dir='ltr'>precor.</span> <span class='ocrx_word' id='word_1_195' title='bbox 852 2859 856 2863; x_wconf 95' lang='lat'>·</span> 
     </span>
     <span class='ocr_line' id='line_1_30' title="bbox 174 2895 790 2982; baseline 0.005 -36"><span class='ocrx_word' id='word_1_196' title='bbox 174 2895 239 2946; x_wconf 79' lang='lat' dir='ltr'>Ante</span> <span class='ocrx_word' id='word_1_197' title='bbox 254 2911 322 2945; x_wconf 86' lang='lat' dir='ltr'>meos</span> <span class='ocrx_word' id='word_1_198' title='bbox 334 2897 421 2948; x_wconf 77' lang='lat' dir='ltr'>oculos</span> <span class='ocrx_word' id='word_1_199' title='bbox 436 2911 556 2982; x_wconf 82' lang='lat' dir='ltr'>tamquam</span> <span class='ocrx_word' id='word_1_200' title='bbox 572 2901 718 2964; x_wconf 86' lang='lat' dir='ltr'>praesentis</span> <span class='ocrx_word' id='word_1_201' title='bbox 712 2917 790 2968; x_wconf 79' lang='lat' dir='ltr'>imago</span> 
     </span>
    </p>
   </div>
   <div class='ocr_carea' id='block_1_5' title="bbox 98 2969 788 3040">
    <p class='ocr_par' dir='ltr' id='par_1_14' title="bbox 98 2969 788 3040">
     <span class='ocr_line' id='line_1_31' title="bbox 98 2969 788 3040; baseline 0.006 -22"><span class='ocrx_word' id='word_1_202' title='bbox 98 2975 100 2985; x_wconf 81' lang='lat'><em>&#39;</em></span> <span class='ocrx_word' id='word_1_203' title='bbox 127 2989 131 2995; x_wconf 92' lang='lat'><em>·</em></span> <span class='ocrx_word' id='word_1_204' title='bbox 210 2969 315 3028; x_wconf 69' lang='lat' dir='ltr'>Haeret,</span> <span class='ocrx_word' id='word_1_205' title='bbox 334 2969 360 3019; x_wconf 83' lang='lat'>&amp;</span> <span class='ocrx_word' id='word_1_206' title='bbox 375 2970 610 3021; x_wconf 69' lang='lat' dir='ltr'>exstindiumvivere</span> <span class='ocrx_word' id='word_1_207' title='bbox 627 2971 696 3040; x_wconf 80' lang='lat' dir='ltr'>fingit</span> <span class='ocrx_word' id='word_1_208' title='bbox 711 2989 788 3026; x_wconf 78' lang='lat' dir='ltr'>amor.</span> 
     </span>
    </p>
   </div>
   <div class='ocr_carea' id='block_1_6' title="bbox 175 3021 799 3112">
    <p class='ocr_par' dir='ltr' id='par_1_15' title="bbox 175 3021 799 3112">
     <span class='ocr_line' id='line_1_32' title="bbox 175 3021 799 3112; baseline 0.012 -20"><span class='ocrx_word' id='word_1_209' title='bbox 175 3021 244 3108; x_wconf 49' lang='grc' dir='ltr'>δέρε</span> <span class='ocrx_word' id='word_1_210' title='bbox 259 3042 351 3092; x_wconf 81' lang='lat' dir='ltr'>refert</span> <span class='ocrx_word' id='word_1_211' title='bbox 350 3045 445 3094; x_wconf 73' lang='lat' dir='ltr'>animus</span> <span class='ocrx_word' id='word_1_212' title='bbox 452 3032 519 3094; x_wconf 76' lang='lat' dir='ltr'>iustas</span> <span class='ocrx_word' id='word_1_213' title='bbox 536 3046 652 3112; x_wconf 72' lang='lat' dir='ltr'>gravitate</span> <span class='ocrx_word' id='word_1_214' title='bbox 666 3053 799 3099; x_wconf 83' lang='lat' dir='ltr'>‘carentes&#39;</span> 
     </span>
    </p>
   </div>
   <div class='ocr_carea' id='block_1_7' title="bbox 213 3087 1032 3242">
    <p class='ocr_par' dir='ltr' id='par_1_16' title="bbox 213 3087 1032 3242">
     <span class='ocr_line' id='line_1_33' title="bbox 213 3087 1032 3187; baseline 0.009 -21"><span class='ocrx_word' id='word_1_215' title='bbox 213 3114 352 3166; x_wconf 72' lang='lat' dir='ltr'>seriarum</span> <span class='ocrx_word' id='word_1_216' title='bbox 366 3116 455 3182; x_wconf 69' lang='lat' dir='ltr'>itqurdi</span> <span class='ocrx_word' id='word_1_217' title='bbox 470 3117 736 3187; x_wconf 65' lang='lat' dir='ltr'>saepepersstafi&#39;de</span> <span class='ocrx_word' id='word_1_218' title='bbox 790 3149 796 3158; x_wconf 87' lang='lat'><strong>·</strong></span> <span class='ocrx_word' id='word_1_219' title='bbox 894 3123 945 3172; x_wconf 75' lang='grc' dir='ltr'>ια’</span> <span class='ocrx_word' id='word_1_220' title='bbox 1029 3087 1032 3094; x_wconf 48' lang='lat'>¹</span> 
     </span>
     <span class='ocr_line' id='line_1_34' title="bbox 240 3187 837 3242; baseline 0.007 -4"><span class='ocrx_word' id='word_1_221' title='bbox 240 3187 324 3240; x_wconf 82' lang='lat' dir='ltr'>Tomus</span> <span class='ocrx_word' id='word_1_222' title='bbox 343 3188 408 3241; x_wconf 82' lang='lat' dir='ltr'><em>III.</em></span> <span class='ocrx_word' id='word_1_223' title='bbox 813 3193 837 3242; x_wconf 90' lang='lat' dir='ltr'>N</span> 
     </span>
    </p>
   </div>
   <div class='ocr_carea' id='block_1_8' title="bbox 0 0 1189 3942">
    <p class='ocr_par' dir='ltr' id='par_1_17' title="bbox 0 0 1189 3942">
     <span class='ocr_line' id='line_1_35' title="bbox 0 0 1189 3942; baseline 0 0"><span class='ocrx_word' id='word_1_224' title='bbox 0 0 1189 3942; x_wconf 95' lang='lat' dir='ltr'> </span> 
     </span>
    </p>
   </div>
  </div>
 </body>
</html>
