2367 3942
285 475 362 548 206
394 474 437 542 P.
465 472 659 548 orum
685 475 917 546 Nasonis

240 612 273 660 25
288 594 370 644 Crede
381 593 439 642 mihi
450 609 459 644 :
469 594 533 643 bene
544 592 585 660 qui
595 591 666 642 latuit
676 625 685 651 ,
697 593 760 642 bene
770 593 846 652 visit3
860 595 886 646 dt
895 597 960 648 intra
1024 660 1027 666 Ι

320 667 450 717 Fortunam
467 667 541 716 deber
556 666 659 734 quisque
674 683 771 716 manere
789 666 862 717 suam.

285 741 344 791 Non
361 740 425 789 foret
440 739 564 790 Eumedes
579 741 672 797 orbus,
691 740 712 788 si
727 738 789 789 silius
807 739 862 806 ejus

320 813 414 862 Stultus
429 814 554 863 Achilleos
571 828 621 863 non
636 811 763 862 adamasset
779 829 868 879 equos.

283 887 338 938 Nec
354 898 437 935 natum
451 887 476 936 in
490 886 583 935 flamma
600 884 715 944 vidisset,
733 886 759 934 in
772 887 860 938 arbore
876 899 968 946 natas,

145 1021 149 1030 Ι
241 971 276 1024 30
323 957 430 1025 Cepilset
445 959 542 1028 genitor
558 959 578 1010 si
595 957 874 1024 Pha'e'thontaMerops.

284 1032 325 1081 Tu
341 1049 439 1098 quoque
454 1033 555 1082 formida
571 1030 669 1081 nimium
685 1030 792 1082 sublimia
808 1033 924 1100 semper,

217 1142 222 1149 .
321 1103 491 1171 Propositique
504 1122 597 1154 memor
612 1105 728 1156 contrahe
744 1106 800 1170 ¹vela
816 1106 863 1156 tui.

284 1177 347 1228 Nam
361 1179 424 1245 pede
439 1177 556 1228 inoffenso
570 1177 668 1244 spatium
685 1178 815 1234 decurrere
829 1179 888 1229 vitae

321 1251 462 1318 Dignuses
474 1267 482 1302 t
494 1252 520 1302 ὅ(
536 1250 587 1300 sato
603 1250 745 1300 candidiore
758 1251 816 1302 frui.
933 1251 936 1258 '

242 1334 255 1388 3
262 1337 274 1384 5
288 1323 351 1388 Quas
364 1340 409 1388 pro
425 1335 451 1374 te
464 1336 491 1390 ut
505 1338 627 1391 vorearq,
644 1323 698 1372 miri
710 1325 803 1390 pietate
820 1325 941 1383 meretis,

322 1395 471 1462 Haesurdque
485 1397 543 1446 mihi
559 1409 654 1462 ternpus
670 1398 695 1446 in
712 1413 783 1446 omne
800 1395 857 1446 srde.
901 1417 907 1422 ·

285 1468 348 1522 Vidi
363 1485 411 1536 ego
425 1481 451 1520 te
467 1470 510 1519 tali
523 1471 593 1518 vultu
609 1485 662 1538 rnen
679 1471 727 1519 sata
743 1482 897 1536 gementem,

323 1541 429 1605 Qualem
445 1542 560 1594 credibile
578 1541 612 1592 est
628 1558 672 1592 ore
686 1541 753 1592 soille
771 1553 836 1594 meo.

285 1614 372 1665 Nostra
388 1627 442 1666 tuas
457 1615 508 1665 vidi
524 1618 642 1683 lacrymas
658 1615 727 1681 super
742 1631 784 1666 oro
800 1615 938 1672 cadentes,

241 1700 276 1748 40
324 1687 449 1752 Tempore
466 1701 612 1754 quasuno,
629 1687 723 1755 fidaque
740 1689 833 1748 verba,
852 1689 911 1738 bibi.

286 1759 358 1808 Nunc
374 1775 471 1826 qunque
487 1760 622 1810 submotum
637 1759 714 1810 studio
730 1761 841 1811 defendis
856 1763 958 1811 amicum
973 1777 984 1818 5
1091 1767 1092 1774 ’

323 1830 355 1882 Et
371 1833 450 1889 mala,
469 1832 510 1880 vix
526 1833 575 1880 ulld
587 1844 657 1896 parte
671 1832 796 1891 levanda,
812 1835 890 1884 levas.

285 1902 350 1956 Vive
368 1903 420 1953 sine
435 1902 547 1963 insidia,
565 1903 701 1970 mollesque
717 1904 833 1972 inglorius
850 1921 927 1955 annos

322 1975 400 2044 Exige
414 1992 422 2026 r
437 1968 554 2045 emicinas
571 1977 599 2027 δι-
615 1977 659 2026 tibi
674 1976 749 2045 junge
765 1995 847 2044 pares.
945 2035 947 2040 ,

241 2065 258 2112 4
262 2064 275 2113 5
287 2049 439 2118 Nasonisque
453 2051 509 2110 tui,
527 2049 595 2117 quod
610 2051 688 2103 adhuc
703 2068 753 2100 non
768 2051 879 2110 exsulat,
898 2068 975 2112 uuum
1022 2103 1024 2108 ,

321 2124 419 2173 Nomen
434 2140 486 2174 ama
499 2139 506 2173 ι
519 2124 648 2192 Scythicus
666 2138 749 2176 cetera
763 2123 856 2176 Pontus
873 2125 958 2173 habet.
1091 2123 1092 2130 ’

287 2193 401 2246 Proxima
415 2196 534 2248 sideribus
550 2199 623 2248 tellus
638 2197 829 2264 Erymanthidos
841 2197 910 2247 Ursae

219 2311 224 2315 ⁴
320 2268 366 2319 Me
383 2281 473 2329 tenen
491 2270 584 2319 astristo
598 2282 663 2319 terta
679 2269 772 2335 perusta
789 2272 856 2338 gelu.

285 2339 406 2406 bosporos
419 2343 444 2393 u
455 2341 547 2392 Tanais
559 2343 689 2408 superant„
702 2341 874 2410 Scythicaeque'¹
884 2341 1005 2408 paludes3

243 2427 276 2475 50
324 2414 423 2478 Virque
439 2414 493 2464 satis
509 2415 562 2463 noti
579 2415 676 2478 nqmina
691 2431 766 2479 pauca
783 2415 841 2464 loci.

283 2483 394 2534 'Ulterius
410 2483 469 2534 nihil
488 2484 539 2542 est,
560 2485 606 2533 nisi
622 2500 671 2533 non
686 2485 815 2550 habitabile
833 2483 919 2550 frigus.

321 2556 380 2606 Heu
394 2555 400 2605 !
414 2560 484 2622 quim
499 2556 580 2606 vicina
594 2555 627 2606 est
644 2557 727 2608 ultima
743 2570 807 2608 terra
822 2557 880 2606 mihi
893 2556 913 2625 i·

284 2627 321 2678 At
335 2628 407 2698 longe
422 2630 500 2696 patria
515 2628 568 2686 est,
586 2627 660 2697 long'e
678 2630 798 2680 carissima
812 2627 926 2694 conium

322 2699 484 2768 Quicquid&
500 2703 554 2752 haec
569 2703 638 2754 nobis
653 2702 705 2770 post
721 2703 768 2754 duo
784 2704 854 2753 dulce
871 2703 928 2753 suit.

243 2788 255 2834 5
260 2789 275 2839 5
285 2772 325 2822 Sic
336 2784 419 2823 tamen
427 2774 482 2824 haec
492 2775 592 2834 absunt,
605 2788 649 2834 ut,
659 2793 712 2842 quae
724 2776 866 2845 contingere
877 2793 929 2828 non
939 2773 972 2826 est

209 2866 211 2869 ·
324 2845 456 2914 Corpore,
474 2846 522 2898 sint
538 2849 617 2898 animo
633 2848 717 2898 cunei
731 2850 834 2918 videnda
849 2867 915 2902 meo.

285 2917 352 2970 Ante
363 2922 450 2971 oculos
460 2934 541 2972 errant
550 2922 635 2974 domus
643 2956 652 2982 ,
659 2921 739 2984 Urbs,
749 2923 775 2975 δι
784 2924 862 2974 sorma
871 2926 1000 2982 locorumr
1084 2953 1086 2958 ·

322 2993 511 3061 succeduntque
526 2994 573 3046 suis
588 2995 682 3062 singule
698 2996 759 3050 falla
776 2999 848 3048 locis.

286 3061 404 3135 Coniugis
419 3080 476 3119 ante
492 3070 595 3127 oculos,
612 3070 675 3120 sicut
689 3071 829 3136 praesentis,
845 3072 924 3138 imago
940 3067 983 3123 est·

243 3135 279 3187 60
326 3141 371 3192 llla
386 3157 455 3195 meos
471 3142 538 3196 casus
553 3141 685 3212 ingravat,
704 3145 745 3216 illa
762 3147 839 3200 levat.
