2367 3942
225 378 369 479 Error.
396 422 455 478 ax
482 406 689 476 PouroL.
716 401 788 475 III.
816 426 888 501 321

178 526 280 579 Femina
296 528 337 582 sed
352 525 492 593 Princeps,
511 526 535 575 in
551 542 597 593 qua
612 526 719 576 Fortuna
735 525 819 582 uidere
905 537 955 586 125

218 602 251 652 Se
266 602 376 667 probat,
393 600 420 651 &
436 616 508 651 caecae
522 600 622 650 crimina
637 597 695 647 salsa
708 598 774 649 tulit

181 672 356 738 Quinihilin
370 672 462 732 terris,
480 673 511 723 ad
526 672 599 723 tinem
613 672 677 721 Solis
693 672 724 721 ab
738 684 812 731 ortu,
881 676 885 682 ’

220 746 337 805 Clarius,
352 759 459 813 excepto
473 746 568 797 Caesare
579 778 591 805 ,.
603 744 705 798 mundus
720 744 804 795 habet.

181 820 275 887 Eligito
290 832 405 887 tempus,
425 831 546 886 captatum
563 819 645 885 sape,
661 818 785 885 rogandi,

220 893 323 953 Haereat
336 893 437 945 adversi
451 911 482 945 ne
498 904 542 943 tua
554 892 624 943 navit
640 891 712 958 aqut.
899 906 959 959 ⁴130

180 966 242 1017 Non
259 965 352 1033 semper
368 966 445 1017 sacras
460 966 566 1017 reddunt
582 966 680 1016 oracula
695 964 794 1024 sortes,
787 982 797 995 ²

221 1038 321 1105 ipsaque
338 1056 387 1090 non
400 1040 465 1090 omni
481 1052 591 1106 tempore
608 1038 661 1088 fana
677 1051 772 1104 patent

184 1110 248 1163 Ctim
263 1112 336 1163 status
352 1114 426 1164 Urbis
441 1113 508 1173 erit‚·
521 1114 622 1181 qualem
631 1128 696 1163 nunc
708 1128 814 1185 auguror
827 1111 898 1172 esse

222 1186 255 1235 Et
270 1187 350 1237 nullus
364 1186 449 1253 populi
463 1186 591 1237 contrahet
605 1202 648 1235 ora
664 1180 758 1243 dolor,

185 1256 249 1311 Crim
263 1258 347 1310 domus
361 1260 482 1328 Augusti
495 1259 602 1342 Capitoli
617 1272 685 1310 mort
703 1259 828 1318 colenda
906 1272 958 1324 135
980 1318 984 1324 ⁴

222 1332 310 1392 Laeta,
324 1334 390 1400 quod
405 1333 439 1383 est
453 1330 464 1397 (
477 1333 503 1383 δι
515 1333 547 1384 rit
560 1332 566 1381 !
580 1334 590 1400 )
607 1331 726 1400 plenaque
741 1333 807 1397 pacit
822 1332 881 1385 erit.

184 1400 251 1455 Tum
266 1406 311 1457 tibi
326 1406 360 1459 Di
376 1406 465 1459 faciant
480 1402 584 1456 adeundi
599 1406 670 1471 copia
685 1403 753 1469 fiat).

223 1478 363 1535 Profettura
380 1478 471 1545 aliquid
483 1490 537 1528 turn
549 1491 591 1528 tua
605 1479 680 1527 v'erha
694 1490 762 1542 pura.

186 1550 212 1601 Si
229 1552 287 1619 quid
299 1564 357 1619 aget
369 1550 464 1618 majus,
483 1550 552 1601 differ
569 1563 612 1601 tua
625 1560 726 1615 coeptat
743 1566 851 1617 caveque

223 1624 298 1691 Spem
314 1624 446 1675 festinando
462 1624 612 1691 precipitare
629 1640 715 1673 meam.
910 1640 964 1687 ηρ

185 1698 241 1749 Nec
257 1696 336 1748 rursus
350 1696 444 1763 jubeo,
462 1698 521 1747 dum
532 1698 564 1749 sit
579 1697 739 1755 vacuissima,
754 1713 846 1765 quaeras
860 1714 872 1749 ι.

224 1770 344 1835 Corporis
359 1772 389 1819 ad
404 1788 484 1822 curam
500 1772 540 1821 vix
553 1784 625 1822 vacat
637 1772 678 1821 illa
693 1770 737 1820 sui.

186 1842 263 1893 Curia
280 1841 334 1895 etim
349 1842 458 1897 Patribus
472 1845 545 1896 fuerit
559 1844 642 1911 stipata
655 1844 793 1904 verendis„

225 1915 273 1967 Per
288 1934 368 1969 rerum
382 1919 476 1969 turbam
493 1930 520 1969 tu
537 1933 656 1985 quoque
669 1931 786 1983 oportet,
803 1934 857 1969 eas

189 1987 252 2041 Ciam
267 1990 312 2040 tibi
329 1992 460 2058 contigerit
474 1992 569 2040 vultum
585 1990 687 2041 lunonis
700 1992 788 2050 adire,
831 2033 833 2036 .
910 2005 962 2056 145

226 2062 308 2113 Fac
289 2080 321 2113 sis
337 2064 462 2130 personae,
480 2078 550 2129 quant
563 2074 668 2121 tueare,
684 2080 787 2114 memor.

189 2137 245 2186 Nec
261 2136 350 2187 fastum
364 2136 468 2186 defende
484 2150 586 2187 meum:
601 2137 662 2187 mala
677 2136 746 2186 causa
759 2120 851 2187 silenda
866 2136 908 2189 et.

169 2218 183 2227 '
227 2210 309 2259 Nil
285 2227 331 2260 ιιιιι
324 2209 444 2261 'solicita
459 2209 507 2261 tint
523 2222 565 2259 tua
581 2212 657 2260 verba
673 2225 768 2275 preces.

189 2283 255 2334 Tum
266 2283 380 2349 lacrymis
391 2282 507 2333 demenda
517 2296 584 2334 mora
597 2282 651 2333 cst·
642 2318 649 2333 .
663 2282 817 2350 submissaque
828 2294 900 2337 terrae
958 2308 969 2330 ο

227 2355 268 2407 Ad
280 2372 330 2409 non
344 2358 458 2407 mortales
473 2355 568 2409 brachia
584 2357 659 2408 tende
675 2357 766 2423 pedara
911 2374 966 2423 r5o·

189 2428 255 2481 Tum
269 2442 328 2495 pete
342 2430 375 2480 nil
390 2430 471 2490 aliud,
490 2429 559 2483 sevo·
568 2430 614 2482 nisi
629 2431 660 2481 ab
674 2429 742 2481 hoste
756 2431 871 2482 recedam
882 2448 893 2484 :-

226 2503 328 2555 Hostem
342 2504 473 2555 Fortunam
485 2502 518 2555 sit
531 2504 586 2554 satit
601 2502 649 2554 etse
666 2504 732 2555 mihi.

192 2573 264 2627 Plura
280 2578 377 2644 quidem
391 2577 515 2629 subeunt.
507 2592 514 2609 ·
529 2578 587 2635 sed,
603 2575 652 2642 jam
665 2579 759 2629 turbata
774 2579 885 2637 timore

230 2648 291 2699 Haec
307 2651 459 2718 quoquevix
474 2650 566 2717 poteris
584 2666 628 2700 ore
644 2662 764 2701 tremente
780 2652 857 2719 loqui.

194 2720 307 2785 Suspicor
323 2724 371 2775 hoc
389 2724 475 2775 damno
491 2723 538 2774 tibi
552 2738 602 2773 non
617 2715 692 2775 fore:
706 2725 793 2776 sentiat
804 2727 851 2777 Uia
914 2742 967 2795 ιιι

232 2794 271 2844 Te
287 2794 431 2862 majestatem
447 2796 596 2865 pertimuisse
612 2796 685 2848 suam

193 2868 250 2919 Nec
265 2880 309 2921 tua
322 2869 343 2921 ti
358 2870 418 2923 fletu
433 2872 570 2923 scindentur
584 2872 677 2929 verba,
696 2871 805 2921 nocebit.

232 2941 355 3001 Interdum
371 2945 486 3011 lacrymo
500 2944 609 3009 pondera
623 2944 693 2993 vocis
707 2944 810 2995 habent

196 3014 251 3067 Lux
268 3014 340 3065 etiam
355 3018 440 3082 coeptis
454 3018 529 3070 facito
545 3018 609 3071 bona
622 3017 711 3067 nutus
725 3018 812 3076 adsit,¹

232 3086 352 3158 Horaque
366 3090 514 3145 conueniens
529 3123 538 3152 ,
556 3089 733 3157 auspiciumque
748 3091 846 3213 faverpp.
917 3095 969 3157 uto

846 3181 862 3214 ιι
