2367 3942
248 419 322 513 156
348 416 389 485 P.
403 416 532 487 Orto.
546 418 646 487 Nar.
660 420 776 487 ΜΤ.
788 420 827 489 L.
844 423 911 493 VI.

245 539 319 589 Ferte
335 548 460 587 coronate
474 536 590 603 juvenum
607 538 718 589 convivia
730 538 814 589 lintres
828 555 838 597 ς

181 610 235 676 780
281 610 411 676 Multaque
429 626 473 676 per
488 610 579 660 medies
594 610 650 661 vina
664 611 775 661 bibantur
791 627 874 677 aquas.

185 711 192 725 ·
246 681 318 733 Plebs
333 683 394 733 colit
403 684 465 733 hanc
477 697 485 733 t
498 682 571 748 quia,
585 684 628 749 qui
645 684 740 748 posuit,
758 684 789 733 de
800 686 872 749 plebe
885 684 969 735 fuisse

281 757 387 814 Fertur,
404 755 431 805 dt
447 772 478 805 ex
493 755 575 805 humili
590 755 682 821 sceptra
696 755 772 805 tulisse
787 759 855 806 loco⁴

246 828 369 879 Convenit
385 827 412 878 dt
427 828 502 879 servis
517 844 525 880 a
540 828 608 879 servi
624 828 678 893 quin
692 828 787 879 Tullius
803 842 875 881 ortus

282 900 413 951 Constituit
431 901 509 951 dubiae
524 902 614 965 templa
630 901 764 967 propinqua
780 902 854 953 Deae.

182 975 233 1039 785
248 974 371 1033 ECCE,
389 974 631 1025 suburbanisediens
648 972 708 1023 male
725 974 817 1025 sobrius
833 966 886 1025 asse
896 1009 911 1035 ,

282 1046 322 1095 Ad
338 1047 417 1098 stellas
433 1047 519 1115 aliquit
532 1046 590 1097 talia
606 1049 681 1097 verba
696 1045 764 1112 jacit.
862 1076 867 1095 .

245 1119 314 1170 Zona
328 1121 390 1171 latet
402 1133 444 1171 tua
458 1136 540 1179 nunc,
557 1121 583 1171 δι
602 1136 654 1169 cras
670 1119 766 1171 sortasse
777 1100 884 1172 laihte

281 1193 380 1245 Dehinc
397 1194 463 1252 erit,
481 1192 579 1251 Orion,
597 1192 731 1259 aspicienda
747 1192 816 1245 mibi.

247 1263 281 1315 At
298 1268 319 1315 si
336 1282 387 1317 uon
400 1265 460 1317 effer
475 1279 547 1332 potus
561 1282 571 1323 3
587 1264 680 1315 dixisset
696 1265 781 1317 eidem

183 1354 236 1406 790
284 1340 423 1389 Venturum
437 1352 532 1404 ternpus
548 1336 667 1389 solstitiale
684 1338 733 1391 die.

246 1411 418 1463 LUClsERO
434 1412 573 1471 subeunte,
590 1410 665 1463 Lares
681 1412 780 1462 delubra
796 1413 930 1473 tulerunt,
970 1417 972 1421 ’

283 1483 330 1534 Hic
347 1484 388 1535 ubi
404 1483 431 1535 sit
445 1484 515 1535 dosii
529 1486 604 1534 multa
622 1500 712 1535 corona
727 1502 806 1535 manu.

246 1557 354 1623 Tempus
363 1558 427 1609 idern
434 1558 517 1609 Stator
527 1557 586 1608 aedis
595 1558 684 1617 babet,
692 1574 761 1623 quam
770 1557 887 1611 Romulus
896 1559 966 1611 olim

151 1677 155 1685 .
282 1629 348 1680 Ante
365 1630 466 1682 Palatini
480 1631 589 1681 condidit
605 1647 647 1681 ora
662 1629 724 1698 jugi.

183 1718 218 1768 79
223 1719 235 1767 5
248 1701 324 1752 TOT
335 1703 423 1753 restent
435 1704 466 1753 de
475 1703 556 1754 mense
567 1704 620 1753 dies
630 1734 638 1761 ,
653 1717 713 1768 quot
723 1703 819 1757 nomina
830 1702 931 1764 Parcis,

282 1774 343 1823 cuim
357 1775 412 1824 data
426 1774 479 1824 sunt
495 1776 585 1825 trabeae
600 1776 708 1839 templa,
730 1776 832 1839 Quirine
844 1810 851 1836 ,
870 1790 933 1830 ture.

244 1844 865 1915 TEMPUShfflsmuessmfflehkmur

282 1917 411 1980 Pierides,
427 1920 513 1986 coeptis
526 1918 608 1971 addite
624 1917 712 1969 summa
728 1921 800 1971 nteit.

244 1992 328 2045 Dicite
343 1992 472 2052 Pierides,
487 1993 540 2060 quic
558 2008 604 2044 vos
619 1990 756 2059 adjunxerit
772 1992 808 2045 isti
818 2026 829 2051 ,

184 2067 236 2117 800
283 2065 331 2115 Cui
349 2066 416 2117 dedit
431 2066 529 2118 invitus
543 2065 608 2116 vitta
621 2082 728 2117 noverca
743 2082 837 2119 manus.

243 2138 285 2191 sse
299 2156 348 2207 ego
362 2155 371 2191 a
388 2140 423 2193 sic
437 2140 512 2199 curn
529 2138 597 2191 Clari
610 2153 764 2191 monumenta
779 2139 885 2206 Philippi

280 2211 373 2277 Aspicis
386 2245 393 2271 .
412 2214 476 2264 unde
491 2214 566 2265 trahit
581 2212 675 2263 Marcia
692 2212 752 2263 casia
769 2230 862 2281 genuen

244 2283 461 2337 Marciasacrisico
477 2286 605 2337 dedustum
620 2300 710 2337 nornen
723 2287 754 2335 ab
768 2287 862 2345 Anco,

281 2358 310 2407 ln
326 2376 371 2424 qua
388 2375 431 2424 par
446 2358 522 2409 saties
540 2358 667 2408 nobilitate
686 2356 738 2407 sud.

182 2431 233 2494 805
248 2428 294 2481 Par
308 2432 388 2481 animo
403 2446 502 2498 quoque
517 2431 593 2480 forma
608 2430 650 2479 fuo
663 2429 794 2495 respondet
808 2427 833 2477 in
851 2428 918 2487 illac

280 2502 311 2553 Et
328 2518 425 2569 genus,
445 2504 472 2553 dt
488 2501 583 2561 facies,
604 2502 771 2569 higertiumque
787 2498 867 2550 simul.

243 2577 266 2629 N
269 2592 299 2627 ec
315 2576 380 2642 quod
391 2575 516 2625 laudamus
529 2575 648 2634 sormam,
666 2586 716 2625 tarn
728 2586 798 2637 turpe
811 2572 917 2638 puriris.
968 2618 984 2627 ,

279 2648 414 2704 laudamus
428 2664 523 2715 magnas
540 2648 585 2697 hac
602 2663 697 2714 quoque
716 2656 784 2711 parte
800 2644 878 2699 Deas.

242 2722 326 2787 Nupta
338 2721 383 2771 suit
397 2720 518 2788 quondam
533 2732 664 2773 matertera
681 2717 779 2771 cesaris
795 2718 842 2768 iili.
859 2752 861 2756 -

183 2796 235 2847 810
287 2792 449 2853 Oldecus,
467 2810 483 2842 ο
502 2792 509 2843 l
526 2793 592 2843 sacri
607 2792 696 2843 semitae
712 2791 782 2858 digna
799 2790 899 2844 doruol

243 2869 284 2920 Sic
301 2868 390 2919 ceciru't
406 2867 461 2917 Clio
475 2882 483 2916 ε
499 2864 575 2915 totta
590 2864 707 2915 assensere
724 2865 839 2919 Sorores.

279 2939 372 2992 Annuit
390 2939 507 3000 Alcides,
523 2938 691 3005 increpuitque
707 2939 794 3007 lyam.

293 3084 462 3139 FINIS
497 3082 835 3139 PASTORUM.
