2367 3942
307 422 358 494 32
406 400 448 471 P.
475 397 668 472 Orrnrr
695 402 918 475 Nasonrr

309 520 412 587 Perlege
423 518 547 586 dispositas
558 521 675 587 generosa
684 536 729 587 per
738 521 799 571 atria
810 538 879 571 ceras
889 538 902 579 a
946 576 955 593 ο

344 592 508 660 Contigerunt
523 594 583 645 nulli
595 595 691 644 nomina
700 607 768 644 tanta
782 594 846 645 vito.

274 658 279 670 ¹
307 664 393 717 Africa
402 666 519 717 vitiorem
527 668 559 717 de
577 667 686 718 sevocat
699 683 707 718 r
719 670 783 717 alter
791 668 903 727 Isauras,

345 740 396 789 Aut
406 739 507 789 Cretum
517 740 620 790 domitas
631 739 769 791 testificatur
777 756 848 805 opes.

248 826 281 877 59
287 827 299 877 5
311 811 389 888 Hunc,
395 813 506 863 Numidae
515 814 608 863 faciunt
617 847 625 872 ‚
638 814 705 863 illum
715 811 823 862 Messana
833 814 972 879 superbuma

345 886 390 949 lue
400 886 546 937 Numantini
555 887 629 937 traxit
638 888 670 935 ab
680 886 740 935 urbe
749 897 842 937 notam.

308 958 341 1010 Et
351 971 454 1011 mortem
465 960 491 1010 ὃ(
501 976 590 1011 nomen
599 961 680 1010 Druso
692 956 823 1009 Germania
832 959 903 1011 fecit.

346 1032 390 1085 Me
405 1032 515 1083 miserum
528 1032 534 1083 !
548 1033 625 1083 virtus
635 1035 706 1098 quam
718 1032 799 1082 brevis
812 1032 852 1081 illa
866 1031 930 1083 suit!

308 1104 334 1155 Si
344 1116 436 1171 petata
450 1106 536 1165 vistis,
552 1117 592 1156 tot
604 1105 679 1156 sumat
692 1105 788 1155 nomina
799 1103 895 1162 Cesar,

246 1177 298 1228 600
346 1178 416 1242 Quot
430 1195 531 1229 numero
542 1191 630 1246 gentes
643 1178 832 1229 maximusorbis
847 1178 929 1230 habet.

307 1250 344 1301 Ea
355 1268 405 1301 uno
416 1252 512 1318 quidam
523 1254 651 1309 celebres,
668 1264 711 1301 aut
719 1250 812 1318 torquis
823 1251 922 1302 ademtae
933 1284 942 1311 ‚

342 1322 394 1374 Aut
404 1323 480 1375 Corvi
493 1324 578 1375 titulos
589 1324 710 1375 auxiliaris
723 1325 823 1375 habent·

308 1396 400 1465 Magne
409 1427 418 1449 ι
433 1409 502 1449 tuum
512 1414 602 1449 nomen
614 1414 694 1447 rerum
703 1398 812 1448 mensura
821 1410 915 1449 tuarum
925 1398 978 1458 esta

343 1470 393 1521 Sed
407 1471 483 1539 quite
497 1472 576 1531 vicit,
594 1472 693 1521 nomine
707 1469 784 1537 major
798 1483 860 1520 erat.

244 1541 294 1606 605
307 1542 362 1593 Nec
377 1546 466 1612 gradus
481 1545 514 1596 est
525 1548 587 1595 ultra
597 1545 684 1596 Fabios
695 1544 845 1612 cognominis
859 1544 933 1595 ullus.

343 1616 387 1666 llla
398 1617 482 1667 domus
493 1619 584 1667 meritis
595 1618 704 1666 Maxima
714 1618 774 1668 diua
784 1616 841 1667 suis.

305 1688 354 1737 Sed
365 1701 446 1739 tamen
458 1689 565 1738 humanis
577 1690 731 1739 celebrantur
740 1690 876 1740 bonoribus
884 1699 992 1749 «ambesa

341 1760 390 1809 Hic
405 1762 494 1811 socium
504 1761 597 1811 summo
611 1778 665 1809 cum
678 1760 742 1811 Jove
756 1777 847 1812 nomen
857 1763 941 1813 habet.

304 1832 388 1883 sanna
398 1848 488 1884 vocant
498 1832 603 1901 Augusta
614 1846 694 1898 patres
705 1850 713 1883 r
724 1834 830 1901 Augusta
840 1847 960 1887 vocantur

242 1904 294 1955 610
342 1905 463 1972 Templa,
481 1906 632 1957 sacerdotum
641 1905 687 1957 rite
698 1907 777 1957 dicata
787 1926 867 1960 manu.

303 1977 383 2044 Hujus
396 1981 422 2030 δι
432 1981 556 2048 augurium
567 1980 690 2046 dependet
700 1981 793 2048 origine
802 1984 872 2032 verbi
882 2016 892 2041 ,

340 2052 371 2102 Et
382 2052 549 2121 quodcumque
564 2052 604 2103 sud
615 2053 727 2119 luppiter
741 2068 815 2121 auget
827 2072 885 2120 ope.

301 2123 399 2192 Augeat
411 2128 536 2194 imperium
546 2126 619 2177 nosiri
628 2127 707 2177 Ducis
717 2162 726 2187 ‚
739 2140 827 2192 augeat
836 2143 935 2186 annosa

340 2196 493 2267 Protegat&
507 2199 697 2265 vestras-querna
711 2216 802 2250 corona
813 2201 889 2248 sores.
928 2214 933 2244 ι

240 2266 290 2329 615
303 2268 492 2339 Auspicibusque
503 2273 564 2322 Deis
575 2304 583 2331 ‚
601 2273 663 2322 tanti
672 2270 820 2339 cognominis
831 2271 905 2320 heres

340 2343 430 2394 Omine
442 2346 568 2410 suscipiat,
586 2362 635 2411 quo
650 2360 736 2410 patet,
754 2344 818 2393 orbis
830 2359 902 2394 onus.

301 2414 922 2473 Rusplclm'Tiranaatasubitertiusldus5
1021 2453 1026 2471 ,.

338 2488 408 2539 Fient
420 2489 549 2541 Parrhasiae
560 2492 625 2541 sacra
634 2493 710 2541 relata
720 2490 791 2539 Deae.

301 2560 363 2611 Nam
375 2560 439 2627 priris
449 2562 567 2631 Ausonias
578 2577 666 2615 matres
677 2574 791 2627 carpenta
800 2563 924 2611 vehebant
935 2578 949 2621 3

239 2632 291 2685 620
339 2633 399 2684 Haec
415 2652 510 2703 quoque
523 2638 553 2687 ab
565 2637 668 2687 Evandri
682 2637 741 2686 dista
755 2648 856 2702 parente
870 2652 941 2685 reor.

286 2714 288 2719 ’
301 2705 363 2756 Mor
375 2708 453 2759 honor
464 2710 581 2773 eripitur,
598 2721 754 2774 matronaque
766 2709 867 2759 destinat
878 2709 970 2759 omnis

337 2781 448 2847 Ingratos
463 2782 527 2843 nullst
542 2783 612 2846 Prole
625 2799 717 2833 novare
731 2782 807 2834 viros.

300 2854 371 2911 Neue
387 2854 456 2905 daret
466 2867 548 2921 partus
558 2888 565 2914 ,
582 2854 630 2905 istu
640 2856 767 2905 temeraria
777 2870 846 2905 ceco

336 2926 475 2977 Visceribus
491 2927 601 2981 arescens
616 2928 755 2978 excutiebat
769 2944 840 2979 onus.

237 2996 270 3047 ⁶2
275 3012 287 3062 5
303 2998 447 3065 Corripuisse
462 3000 544 3051 Patres
558 2999 624 3051 ausas
639 3001 737 3051 immitia
749 3014 855 3067 nuptas,

335 3070 349 3125 J
353 3089 379 3125 us
396 3084 612 3128 tamen.euemtum
624 3069 770 3134 renituisse,
786 3075 881 3138 seruata
