2367 3942
237 422 678 494 Fasroaunsza.
708 430 750 493 V.
806 444 908 517 115-

167 545 256 595 Martis
268 560 331 609 opus
343 542 462 607 juvenes,
475 540 627 608 animosaque
640 542 720 600 bella,
734 546 851 612 gerebant
864 560 872 594 ι

206 618 239 668 Et
253 635 300 683 pro
313 616 360 665 Dis
371 616 471 663 aderant
482 616 508 663 in
520 615 620 665 statione
633 615 688 666 suis.
908 615 943 667 60

169 692 270 744 Viribus
282 691 325 739 illa
339 689 435 746 minor,
452 705 499 736 nec
513 689 627 738 habendis
645 690 709 739 utilis
726 691 813 749 arinis,

207 760 321 813 Consilio
338 762 421 827 patriae
437 761 497 826 saepe
514 762 608 811 serebat
625 778 706 827 opem.

171 838 225 887 Nec
241 837 288 885 nisi
304 834 356 901 poss
370 851 447 884 annos
463 833 539 899 patuit
555 848 614 884 tunc
631 834 703 885 Curia
720 837 804 896 seros;

207 912 306 959 Nomen
320 910 347 958 dt
360 908 440 957 etatis
453 907 512 957 mite
526 908 629 957 Senatus
647 920 709 959 erat.

172 983 229 1035 Juta
244 982 317 1031 dabat
330 982 423 1047 populo
439 980 534 1031 senior:
547 979 660 1047 finitaque
675 983 750 1033 certis
909 980 942 1043 65

209 1055 315 1122 Legibus
329 1054 363 1103 ess
377 1066 455 1111 aetas,
470 1054 537 1103 unde
547 1065 644 1122 petatur
658 1056 746 1106 bonos.

173 1130 205 1179 Et
219 1129 314 1179 medius
327 1127 462 1193 juvenum,
480 1144 529 1177 non
542 1128 717 1195 indignantibus
734 1129 808 1195 ipsis,

211 1204 263 1252 lbat
275 1220 282 1251 ε
296 1202 323 1251 &
333 1203 454 1259 interior,
469 1202 491 1250 si
502 1218 585 1251 comes
597 1203 660 1251 'rinus
672 1217 736 1253 erat.

175 1278 258 1328 Verba
273 1276 327 1341 quis
344 1274 446 1324 auderet
462 1292 543 1324 coram
559 1276 616 1325 sene
633 1275 703 1342 digna
715 1276 804 1326 rubore

137 1374 141 1381 ·
211 1348 327 1398 Dicere?
346 1348 470 1398 censuram
483 1350 555 1415 longa
574 1348 666 1399 senesia
684 1351 764 1398 dabas.
909 1363 944 1412 70

177 1422 292 1473 Romulus
306 1423 356 1471 hoc
373 1423 453 1477 vidit,
472 1422 606 1487 seleslaque
623 1422 719 1486 pessora
737 1422 821 1471 Patres
870 1452 879 1464 ·

213 1497 282 1545 Dixit
295 1511 311 1548 ι,
320 1495 350 1544 ad
364 1496 410 1544 bos
427 1494 500 1542 Urbis
517 1495 603 1544 summa
620 1496 695 1543 relata
710 1512 791 1545 novae.

178 1569 240 1619 Hinc
255 1568 294 1619 sua
309 1567 413 1633 majores
430 1566 531 1632 posuisse
546 1568 666 1616 vocabula
680 1566 750 1634 Maio

213 1643 331 1709 Tangor,
352 1643 378 1692 δι
395 1641 462 1690 aetati
480 1639 620 1691 consuluisse
637 1640 691 1689 suae.

179 1716 211 1765 Et
226 1716 339 1765 Numitor
353 1711 435 1763 dixisse
448 1713 547 1781 potest,
564 1714 621 1772 Da,
640 1714 761 1772 Romule,
779 1710 884 1763 mensem
912 1726 944 1775 75

215 1789 287 1838 Hunc
298 1788 391 1842 senibus
401 1806 409 1845 ς
422 1803 469 1836 nec
478 1804 548 1837 avum
560 1788 687 1838 sustinuisse
697 1804 782 1853 nepos.

179 1862 230 1913 Nec
242 1864 297 1911 leve
308 1861 434 1927 prepositi
444 1862 528 1927 pignus
539 1860 657 1911 successor
668 1862 767 1912 honoris

215 1935 316 1992 lunius,
331 1953 345 1983 a
362 1934 477 1999 juvenum
493 1937 593 1984 nomine
609 1935 702 1993 dissue,
720 1936 802 1983 haber.

181 2008 242 2057 Tum
260 2008 314 2066 sic,
332 2008 458 2075 negleslos
473 2008 563 2057 hedeni
577 2008 689 2057 redimita
709 2008 827 2075 capillos,

216 2080 294 2131 Prima
307 2082 342 2131 sui
360 2081 436 2146 coepit
454 2079 580 2145 Cassiopea
599 2081 687 2130 chori:
914 2076 948 2127 80

180 2153 290 2205 Duxerat
307 2155 424 2205 Oceanus
440 2154 559 2219 quondam
576 2152 690 2202 Titanida
704 2151 822 2219 Tethyn,

217 2227 267 2291 Qui
282 2240 370 2277 terram
385 2227 501 2293 liquidis,
520 2229 566 2293 qud
584 2238 671 2293 patet,
692 2227 765 2277 ambit
782 2223 857 2301 aquis.

182 2300 244 2351 Hinc
259 2301 308 2351 sara
324 2300 429 2351 Pleione
448 2316 502 2349 cum
522 2300 632 2351 coelisero
650 2300 750 2351 Atlante

216 2374 346 2441 lungitur,
360 2374 461 2424 etfama
475 2374 527 2433 ests
545 2372 701 2440 Pleiadasque
716 2374 795 2441 parit,
987 2424 998 2439 f

183 2446 288 2511 Quarum
299 2446 367 2513 Maja
378 2447 430 2497 suas
440 2449 518 2498 sorms
529 2447 644 2513 superasse
656 2448 750 2499 sorores
916 2442 948 2505 85
984 2490 988 2501 .

217 2521 351 2579 Traditur,
372 2520 399 2570 ἃ
417 2521 508 2570 summo
526 2520 678 2571 concubuisse
696 2521 760 2573 Jovi.

182 2593 241 2643 Haec
256 2594 327 2642 enixa
341 2592 402 2664 jugo
422 2594 589 2658 cupressiferae
607 2594 722 2661 Cyllenes

215 2664 352 2716 AEtherium
364 2668 460 2717 volucri
479 2668 519 2732 qui
535 2668 598 2732 pede
613 2668 688 2733 carpit
704 2668 760 2718 iter.

179 2740 288 2790 Arcades
302 2741 388 2797 bunc,
407 2740 539 2806 Ladonque
555 2757 646 2805 rapax,
666 2742 692 2791 δι
712 2741 832 2790 Maenalos
849 2736 934 2805 ingens

216 2813 274 2863 Rite
292 2814 396 2871 colunt,
415 2813 482 2863 Luni
502 2813 592 2863 credita
611 2826 674 2863 terra
695 2805 785 2879 prion'
918 2821 951 2871 90

179 2886 252 2935 Exsul
267 2887 298 2935 ab
312 2884 423 2937 Arcadiis
441 2887 522 2937 Latios
539 2887 652 2937 Evander
667 2888 692 2936 in
709 2902 780 2954 agros

178 3012 183 3025 ,
215 2961 349 3015 Venerat,
365 2959 489 3025 impositos
508 2961 669 3027 atniseratque
688 2960 769 3009 Deos.

179 3032 228 3082 Hic
238 3066 246 3089 ‚
257 3034 300 3083 ubi
312 3048 379 3081 nunc
388 3030 465 3083 Roma
475 3032 508 3084 est
518 3034 582 3083 orbis
594 3044 666 3098 caput
678 3064 685 3091 ,
697 3033 768 3083 arbor
779 3028 896 3081 &herbae
908 3058 916 3082 2

217 3106 248 3157 Et
262 3122 348 3174 paucae
362 3108 486 3172 pecudes,
504 3108 529 3159 bt
544 3108 597 3189 casa
613 3122 667 3157 rara
679 3104 734 3156 suit.
