2367 3942
249 416 558 489 Frsronunr
586 413 693 481 err.
722 413 791 481 IV.
841 432 889 501 91

176 534 357 601 Semustamque
374 534 472 593 facem,
490 529 590 599 vigilatd
608 528 699 587 nodie,
717 530 799 581 viator

213 608 313 667 Ponet,
332 608 358 658 dr
374 608 404 656 ad
422 608 516 657 solitum
532 604 629 655 rusticus
642 602 687 653 ibit
701 619 782 669 opus;

178 680 274 732 Pliades
286 680 406 746 incipiunt
419 681 533 729 humeros
549 678 661 727 relevare
675 688 811 743 paternos,

213 754 279 818 Quae
295 753 387 819 septem
402 753 469 813 dici,
485 753 527 802 sex
544 763 627 800 tamen
644 748 710 808 effe,
729 750 816 800 solent.
903 765 954 815 170

176 828 225 878 Seu
240 827 310 895 quod
327 826 494 894 inamplexum
506 825 547 875 sex
560 824 618 873 hinc
633 838 725 873 venere
737 823 867 883 Deorum

210 902 276 951 Nam
292 900 414 966 Steropen
427 899 502 949 Marti
517 895 673 947 concubuisl'e
688 897 789 956 serunt3

175 976 294 1041 Neptuno
310 972 472 1049 Halcyonen,
492 972 518 1025 δι
536 983 580 1031 te,
601 970 704 1021 formosa
719 968 844 1031 Celaenoa

211 1045 317 1113 Maian,
337 1046 362 1100 δι
378 1046 507 1106 Etenna,
525 1044 705 1113 Taygetenque
721 1043 797 1103 Jovi;

176 1121 282 1187 Septima
299 1121 395 1172 mortali
411 1120 518 1185 Merope
534 1118 598 1177 tibi,
617 1117 737 1185 Sisyphe,
756 1118 848 1185 nupsit.
901 1132 950 1182 175

208 1194 335 1253 Paenitet,
358 1195 383 1246 dt
399 1192 453 1244 taut
471 1194 521 1243 sola
537 1192 632 1257 pudore
648 1192 718 1241 latet.

174 1267 228 1316 Sive
244 1268 310 1333 quod
327 1267 421 1318 Elestra
436 1266 521 1331 Trojae
538 1264 645 1331 spehare
662 1264 742 1313 ruinas

209 1342 266 1389 Non
279 1340 336 1393 tulit
349 1356 356 1391 ε
371 1353 428 1391 ante
444 1342 530 1388 oculos
546 1337 707 1404 opposuitque
722 1353 827 1386 manum

174 1412 250 1462 TER
265 1415 318 1464 sine
333 1426 456 1481 perpetuo
473 1413 560 1461 coelum
575 1410 685 1461 versetur
700 1410 725 1472 in
739 1426 807 1467 axe,

207 1486 260 1536 Ter
275 1486 361 1553 jungat
377 1486 473 1542 Titan,
492 1495 580 1549 terque
598 1482 724 1540 resolvat,
743 1496 842 1547 equos;
900 1479 951 1530 180

174 1556 284 1609 Protinus
301 1560 394 1609 inflexo
411 1554 576 1623 Berecynthia
590 1554 650 1603 tibia
666 1570 742 1603 cornu
819 1619 823 1625 Δ

208 1633 306 1691 Plabit,
328 1632 355 1683 δι
369 1631 442 1682 ldaeae
460 1628 518 1679 festa
535 1626 644 1679 Parentis
660 1639 739 1678 erunt.

174 1704 243 1755 Ibunt
259 1704 413 1764 semimares,
435 1702 460 1755 dt
477 1702 686 1770 inania'tympana
701 1702 805 1753 tundent
813 1718 823 1761 ς

205 1775 311 1845 AEraque
327 1778 429 1828 tinnitus
446 1792 493 1827 aere
509 1776 602 1843 repulsa
619 1776 718 1828 dabunt.

172 1849 219 1913 Ipsa
238 1850 321 1903 sedens
337 1851 405 1901 molli
423 1850 538 1901 comitum
554 1850 652 1900 cervice
667 1850 780 1908 seretur,
895 1847 945 1910 185
1043 1851 1046 1856 ’

206 1924 276 1974 Urbis
292 1941 337 1991 per
354 1925 444 1974 medias
459 1925 581 1973 exululata
595 1923 655 1971 sias.

174 1994 245 2045 Stena
263 1998 332 2047 sonat
347 2029 355 2055 ‚
370 1996 482 2060 Ludique
493 2007 583 2044 vocant
598 2010 605 2043 :
619 1993 723 2059 speslate
736 2026 744 2051 ‚
757 1991 890 2056 Quirites;

205 2068 234 2118 Et
247 2070 311 2119 Fora
326 2067 410 2117 Marte
425 2067 467 2117 suo
483 2066 586 2133 litigiosa
600 2078 699 2115 vacent.
919 2074 940 2129 j

174 2136 288 2203 Quaerere
303 2141 380 2190 multa
395 2139 475 2190 libet:
488 2139 528 2189 sed
543 2156 582 2188 me
598 2138 669 2188 sonus
684 2138 738 2189 aeris
754 2140 818 2189 acuti
909 2176 913 2181 ι

203 2214 312 2273 Terret,
332 2213 496 2265 &horrendo
511 2214 576 2263 lotos
590 2212 683 2262 adunca
695 2212 764 2262 sono.
789 2246 798 2255 ·
891 2227 942 2277 190

174 2284 209 2335 Da
221 2321 228 2345 ,
242 2288 319 2347 Dea,
335 2304 394 2355 quas
410 2287 499 2347 sciret,
516 2286 618 2345 destas,
636 2285 773 2353 Cybeleia,
791 2301 886 2354 neptes.

205 2361 297 2421 Audit5
316 2360 397 2412 &has
413 2378 475 2411 curae
492 2360 563 2426 jussit
578 2358 655 2409 adesi'e
672 2375 742 2409 meae.

171 2430 266 2484 Pandite
282 2432 387 2483 mandati
403 2450 542 2494 memores,
562 2433 689 2483 Heliconis
704 2434 826 2491 alumna,

108 2520 109 2531 ¹
206 2506 317 2557 Gaudeat
331 2508 427 2557 assiduo
444 2524 486 2556 cur
498 2508 554 2557 Dea
568 2506 659 2572 Magna
673 2507 742 2557 sono.

171 2577 208 2629 Sic
225 2596 290 2646 ego,
308 2581 342 2630 sic
355 2580 430 2630 Erato
442 2594 450 2631 a
463 2580 551 2629 mensis
568 2579 717 2647 Cythereius
734 2578 769 2628 illi
890 2590 938 2640 195

207 2652 303 2710 Cessit,
322 2654 386 2719 quod
400 2653 480 2703 teneri
495 2669 585 2702 nomen
600 2653 698 2702 Amoris
712 2654 795 2702 habet.

108 2768 109 2793 q
172 2722 271 2774 Reddita
286 2725 389 2777 Saturno
407 2727 456 2777 sors
472 2726 524 2775 haec
540 2738 601 2775 erat.
621 2726 722 2793 Optime
739 2740 846 2792 regum,

108 2794 109 2801 ’
205 2797 225 2845 Α
243 2809 301 2847 nato
317 2800 416 2864 sceptris
431 2800 556 2850 excutiere
572 2800 630 2850 tuis.

171 2868 211 2919 llle
224 2871 288 2919 suam
303 2884 431 2931 metuens,
450 2886 476 2923 ut
490 2890 590 2939 quaeque
604 2884 657 2923 erat
670 2872 755 2927 edita,
772 2868 867 2935 prolem

205 2943 318 2994 Devorat
331 2961 340 3004 ς
353 2946 481 2996 immersam
494 2946 674 3011 visceribusque
689 2955 766 2993 tenet.
888 2950 940 2984 200

173 3012 236 3079 Saepe
248 3017 317 3068 Rhea
334 3018 413 3083 questa
426 3018 458 3069 est
472 3020 546 3069 toties
561 3016 686 3075 fecunda,
705 3032 751 3065 nec
764 3025 875 3077 umquam

202 3089 303 3149 Mateta
323 3090 349 3143 δι
363 3091 467 3143 indoluit
479 3092 605 3145 fertilitate
620 3089 672 3140 sat.
