2367 3942
324 404 398 476 288
436 403 478 470 P.
504 402 698 474 Omm
725 406 957 475 NASours

321 526 376 575 uec
391 521 457 590 priris
472 523 606 580 abscessit,
624 523 712 572 meriti
729 527 801 588 quim
817 524 885 572 caede
902 525 1035 574 noeentdn

279 617 314 652 ιο
360 597 394 648 se
410 596 480 646 nimis
496 595 633 654 ulciscens,
650 595 740 644 exstitit
754 595 805 660 ipse
820 612 924 644 notens.

323 671 359 722 A«
371 668 434 725 tibi,
451 669 506 718 Rex
521 684 593 724 ero,
609 668 700 725 detur,
718 667 849 718 sorn'ssime
868 670 968 727 nostro,

358 741 460 808 Semper
475 739 594 792 bonoad
609 739 703 806 sceptra
717 753 803 790 testere
816 757 899 790 nanu.

297 819 385 882 Teque
394 846 402 871 ,
411 813 477 880 quod
485 813 512 864 dt
519 813 631 879 pressat,
642 813 770 879 quiderint
779 813 823 862 tibi
831 815 928 879 plenius
936 812 1033 880 optem?

322 920 325 925 <
359 885 449 936 Martia
464 903 519 936 eum
534 902 622 952 magno
639 883 732 936 Caesare
746 885 825 936 Roma
839 888 938 952 probet.

280 979 312 1027 ²5
326 961 375 1011 Sed
385 975 477 1008 mernor
486 958 551 1008 unde
560 959 608 1009 abii
618 992 626 1016 ,
643 973 751 1024 queror,
764 975 781 1008 o
791 957 897 1022 jucttnde
907 960 995 1010 sodalis
1005 959 1012 1008 s

361 1031 487 1081 Accedant
503 1031 587 1082 nostris
601 1031 662 1082 sera
677 1032 742 1096 quod
758 1047 823 1080 arma
837 1033 916 1082 malis.

323 1105 360 1156 Ut
375 1120 448 1154 careo
464 1103 533 1153 vobis
546 1104 642 1170 stygias
658 1103 768 1152 detrusus
782 1104 806 1152 in
822 1120 898 1164 oras,

360 1174 486 1238 Quattuor
498 1189 627 1240 autumnos
644 1174 724 1226 Pleias
739 1188 793 1226 orta
809 1175 877 1224 satit.

323 1251 378 1300 uec
393 1261 420 1298 tu
437 1249 568 1300 credideris
584 1250 682 1300 urbane
698 1248 898 1301 commodavisse

280 1339 315 1392 30
361 1321 481 1388 Quarere
495 1321 616 1372 Nasonem
630 1321 734 1386 :quaerit
750 1321 777 1376 ὃ(
792 1321 833 1370 iila
849 1334 944 1372 nmen·

321 1397 384 1446 Nam
400 1391 473 1443 modi>
488 1409 533 1444 vos
547 1394 626 1443 animo
642 1394 725 1442 dulces
741 1392 898 1452 reniniscor,
918 1392 1010 1453 amicis

361 1467 433 1517 Nunc
450 1465 507 1516 mihi
524 1482 577 1515 curn
595 1483 651 1522 cara
668 1464 772 1532 conjuge
789 1477 843 1516 nara
859 1466 942 1518 subit:

243 1550 248 1558 “
324 1541 394 1607 Eque
410 1540 483 1589 domo
496 1539 575 1590 rursus
586 1539 695 1606 pulchra
710 1535 863 1590 lota'vertor
879 1541 910 1588 ad
921 1539 1017 1597 Urbis,

360 1607 501 1678 Cnosiaque
517 1627 585 1661 ruens
600 1612 678 1662 oculis
692 1611 804 1676 pervidet
819 1613 859 1660 illa
875 1608 935 1661 suin

280 1701 312 1754 35
325 1686 398 1735 Nunc
407 1684 475 1739 sora,
486 1698 550 1734 nunc
559 1684 637 1742 ades,
650 1699 713 1734 niuis
724 1699 842 1734 mandore
853 1685 918 1734 resia
927 1685 1035 1742 theatra,

346 1752 431 1805 'Nunc
445 1756 507 1806 subit
521 1755 615 1820 aquati
630 1756 738 1821 porticus
756 1757 832 1806 omnis
849 1756 933 1805 humo.

324 1827 439 1880 Gramina
447 1841 512 1877 nunt
522 1826 608 1891 Campi
619 1859 626 1883 ,
640 1828 754 1892 pulchros
764 1829 889 1893 speeenus
899 1830 924 1878 in
933 1829 1035 1888 hortos,

358 1900 495 1967 stagnaque
510 1899 534 1949 ds
549 1898 650 1966 Euripi,
669 1900 850 1968 Virgineusque
867 1903 958 1967 liquor.

322 1974 356 2024 At
366 2006 375 2031 ,
387 1986 469 2038 puto,
484 1972 520 2023 ric
535 1972 609 2024 Urbis
625 1973 711 2028 misero
726 1972 760 2022 esi
773 1986 858 2040 erepta
871 1974 1006 2040 voluptas,

277 2066 313 2112 40
361 2046 480 2111 Quoiibet
493 2058 522 2096 ut
535 2045 619 2096 saltem
634 2063 689 2098 rure
705 2047 752 2098 srui
768 2047 848 2099 liceat.

322 2123 380 2170 Non
396 2136 463 2170 meus
480 2118 572 2168 amissos
588 2119 681 2170 animus
697 2119 820 2170 desiderat
835 2131 930 2185 agros,

358 2192 471 2258 Ruraque
489 2191 590 2258 Peligno
607 2191 775 2256 conspicienda
791 2192 864 2242 solo:

320 2267 375 2315 Ner
392 2280 453 2330 quos
466 2264 574 2329 piniferis
588 2263 682 2328 positos
697 2264 721 2312 in
738 2265 839 2315 collibus
853 2265 942 2314 hortos

357 2337 454 2402 §pedat
466 2335 587 2386 flaminia
605 2335 692 2386 Clodia
707 2335 786 2402 junsia
802 2338 858 2388 vire.

276 2428 309 2474 45
323 2409 394 2472 Quos
407 2425 455 2475 ego
469 2408 551 2458 nescio
566 2410 606 2458 cui
622 2408 705 2466 cosui,
722 2409 808 2473 quibus
823 2408 872 2473 ipse
887 2408 997 2465 solebam

357 2480 455 2530 Adsata
469 2481 599 2536 fontanas,
615 2496 660 2530 uec
673 2479 766 2544 pudet,
783 2481 873 2530 addere
889 2495 975 2547 aquas.
1080 2499 1087 2508 ⁴

319 2555 380 2604 Sunt
390 2552 438 2610 ibi,
451 2551 471 2601 si
480 2551 584 2607 vivunt,
596 2551 674 2602 nostri
683 2567 780 2618 quoque
791 2553 884 2602 consita
896 2554 1035 2619 quondm,
1086 2565 1087 2572 ¹

355 2625 403 2674 Sed
420 2640 470 2672 non
487 2623 513 2672 ὅ(
530 2623 610 2674 nosiri
624 2639 694 2689 potua
710 2623 812 2688 legenda
826 2639 909 2674 muru.

319 2695 367 2746 Pro
382 2695 467 2759 quibus
483 2696 595 2754 amissit,
615 2697 706 2746 utinam
721 2695 863 2762 contingere
878 2698 958 2762 possit

179 2814 185 2826 ,
277 2787 310 2834 ςο
358 2765 406 2816 Hic
422 2765 504 2815 saltem
519 2768 624 2834 profugo
641 2769 711 2833 gleba
726 2768 828 2818 colenda
843 2769 926 2820 mihi‘s

318 2840 370 2906 lpse
386 2855 433 2904 ego
448 2838 605 2903 pendentes,
624 2839 695 2888 liceat
711 2839 802 2899 rnodd,
821 2857 882 2908 rupe
899 2844 1031 2910 capellas,
1083 2843 1085 2856 '

356 2911 408 2976 lpse
421 2911 493 2960 velim
508 2910 594 2960 bacuio
609 2911 707 2975 pascere
723 2912 793 2964 nixus
809 2931 895 2980 oves-f

242 2982 246 2989 '
268 2984 271 2991 '
317 2983 371 3050 ipso
387 2999 453 3050 ego,
470 2999 502 3032 ne
516 2982 591 3033 solitis
606 2983 712 3036 insistant
726 2986 823 3052 pesiora
839 2987 923 3047 suris,

352 3055 448 3108 Ducam
460 3054 579 3111 rusculo
595 3057 711 3128 subjuga
726 3061 804 3129 panda
818 3062 905 3120 boves·
