2367 3942
311 436 385 527 14⁶
432 434 473 501 P.
498 435 687 505 Ονιυιι
714 438 945 510 NAsours

307 557 403 607 Moenia
416 555 568 606 Dardanides
585 570 664 621 nuper
678 570 740 604 nova
756 556 849 607 fecerat
864 560 933 612 llus:

245 645 298 693 420
344 632 393 679 llus
409 630 486 678 adhuc
504 629 567 677 Asiae
580 628 648 677 dives
664 629 768 678 habebat
785 646 855 703 opes,

308 702 424 752 Creditur
440 702 556 752 armiferae
573 701 668 769 signum
686 701 783 753 coeleste
799 694 921 755 Minervae

343 774 440 826 Urbis
433 793 458 824 ιη
472 776 552 825 lliacae
569 773 711 824 desiluisse
704 791 771 847 puga.
896 782 899 789 '

307 848 373 899 Cura
388 848 474 898 videre
487 838 554 898 fuit't
564 848 619 897 vidi
635 849 798 915 templumque
815 846 968 919 locumque:

345 922 402 972 Hoc
419 919 524 989 superest
539 921 609 971 illic·
622 920 716 973 Pallada
732 922 810 971 Roma
827 934 907 975 tenet.

244 1010 296 1060 4²5
311 996 449 1046 consulitur
463 994 621 1045 Smintheus:
633 996 739 1059 lucoque
754 996 868 1046 obscurus
882 1012 982 1065 opaco,

344 1068 399 1118 Hos
415 1084 465 1117 non
480 1067 585 1117 mentito
601 1066 705 1117 reddidit
720 1082 763 1117 ore
780 1069 862 1120 sonos

305 1141 441 1193 AEtheriam
455 1140 549 1191 servate
565 1140 665 1199 Deam,
683 1141 805 1191 servabitis
819 1142 932 1193 Urbeme

343 1215 473 1281 imperium
490 1214 570 1263 secum
586 1214 719 1263 transferet
734 1214 774 1263 illa
793 1216 851 1266 loci.

307 1288 413 1346 Servat,
430 1287 457 1338 δι
471 1286 585 1337 inclusam
601 1286 691 1336 summi
706 1298 775 1336 tenet
789 1288 861 1337 llus
855 1305 879 1337 rn
894 1300 973 1349 arc'e;

244 1377 299 1428 430
347 1361 459 1427 Curaque
474 1361 504 1409 ad
518 1360 634 1409 heredem
652 1359 817 1411 Laomedonta
831 1362 909 1411 venit

308 1436 358 1486 sub
372 1433 467 1485 Priamo
483 1433 575 1483 servata
590 1448 692 1500 parum:
704 1434 739 1483 sic
755 1432 804 1498 ipsa
817 1436 936 1495 volebat,

343 1508 381 1557 Ex
396 1524 445 1574 quo
459 1506 551 1573 judicio
566 1507 646 1556 forma
660 1506 749 1559 revitta
767 1507 808 1556 suo
824 1508 866 1557 est.
995 1506 998 1510 ’

308 1580 357 1631 Seu
372 1597 449 1664 genus
464 1578 579 1639 Adrasti,
599 1580 640 1629 seu
655 1578 725 1629 furtis
740 1591 808 1645 aptus
825 1579 945 1648 Ulyffes,

343 1654 393 1703 Seu
409 1654 463 1719 pius
478 1651 592 1710 AEneas,
608 1648 722 1718 eripuisse
738 1653 817 1703 datur.

244 1742 277 1792 43
285 1742 296 1791 5
310 1725 401 1776 Auslor
415 1725 458 1774 in
451 1736 547 1774 incerto
560 1756 568 1781 ‚
586 1740 627 1792 res
642 1724 676 1773 est
689 1724 816 1777 Romana:
828 1736 911 1777 tuetur

229 1814 233 1819 ’
343 1797 434 1856 Vella,
453 1797 519 1863 quod
535 1796 634 1845 assiduo
646 1798 734 1847 lumine
748 1799 832 1849 cunsta
848 1800 925 1850 videt.

259 1927 262 1944 1
305 1870 364 1921 Heu
377 1869 385 1919 l
397 1882 513 1937 quantum
523 1870 627 1919 timuere
638 1865 722 1921 Patres
734 1902 741 1929 ,
758 1888 806 1936 quo
821 1884 931 1938 ternpore
941 1872 1021 1928 Velia

344 1944 431 2003 Arsit,
436 1944 476 1995 ·&
492 1941 526 1993 est
540 1942 620 2010 adytis
637 1944 805 2010 obrutapaene
823 1945 889 1996 suis!
906 1948 909 1953 '

309 2018 453 2085 flagrabant
470 2015 542 2067 sandi
557 2016 679 2067 sceleratis
696 2018 813 2085 ignibus
806 2034 892 2085 ignes,

246 2109 300 2156 440
346 2092 478 2159 Mixtaque
491 2102 543 2141 erat
555 2079 656 2140 lammae
670 2090 764 2141 flamma
776 2089 914 2157 profana·
889 2107 946 2157 prae.

310 2164 430 2215 Attonitae
445 2165 555 2222 flebant,
573 2163 671 2214 demisso
687 2165 773 2222 crine,
790 2162 923 2222 ministrem

344 2238 481 2287 Abstulerat
496 2237 562 2286 vires
577 2235 685 2301 corporis
700 2236 749 2302 ipse
764 2232 846 2287 timor

308 2309 442 2363 Provolat
435 2326 459 2359 rn
470 2310 592 2366 medium
609 2308 635 2357 dt
648 2309 751 2375 magna,
766 2310 922 2366 Succurrite‚
936 2310 1022 2368 voc'e,

344 2384 403 2432 Non
418 2382 452 2433 est
467 2382 580 2431 auxilium
595 2380 674 2438 flere,
693 2380 811 2431 Metellus
824 2383 872 2433 ait.

246 2473 282 2520 44
287 2472 298 2518 5
311 2454 456 2522 Pignora
432 2454 547 2521 virgineis
562 2453 643 2502 fatalia
657 2453 737 2502 tollite
753 2454 868 2519 palmis,

314 2586 318 2592 θ
345 2527 403 2589 Non
418 2542 448 2575 ea
461 2527 515 2576 sunt
531 2530 612 2583 voto,
633 2524 673 2575 sed
689 2526 804 2592 rapienda
817 2544 897 2578 manu.
921 2537 923 2545 ’

307 2600 353 2651 Me
368 2598 498 2650 miserum!
512 2595 647 2649 dubitatis?
664 2598 720 2649 ait:
735 2599 844 2650 dubitare
860 2602 980 2661 videbat,

344 2673 377 2723 Et
392 2672 490 2738 pavidas
504 2672 587 2739 posito
604 2670 755 2739 procubuisse*
771 2689 844 2741 genu.

307 2746 396 2797 Hiurit
410 2762 501 2812 aquas,
515 2747 656 2813 tollensque
668 2753 768 2813 manus,
785 2746 924 2814 ignoscite,
941 2749 1018 2809 dixit,
1044 2774 1046 2777 f

246 2836 299 2886 450
314 2823 317 2829 '
346 2820 418 2870 Sacra
431 2836 439 2870 a
452 2816 489 2869 iii
504 2819 603 2869 intrabo·
616 2836 665 2868 non
681 2818 790 2869 adeunda
806 2820 870 2871 viro.

227 2894 248 2912 ”
264 2900 267 2907 “
309 2894 335 2943 Si
349 2893 426 2943 scelus
443 2891 493 2951 est,
511 2893 536 2942 in
548 2907 586 2942 me
602 2892 722 2955 commissi
738 2910 808 2959 poena
825 2894 956 2945 redundet.

345 2966 383 3016 Sir
395 2959 479 3031 capitis
492 2966 578 3015 damno
592 2962 672 3027 Roma
687 2966 764 3015 soluta
778 2969 834 3017 moi.

305 3038 379 3090 Dixit
390 3039 398 3098 i
416 3038 442 3089 δι
453 3040 546 3105 irrupit.
560 3038 658 3089 Fadium
670 3038 726 3089 Dea
740 3053 808 3107 rapta
817 3039 935 3111 probavit
945 3058 955 3101 ς

226 3112 229 3117 “
343 3109 515 3179 Pontifitisque
528 3112 563 3163 sui
580 3112 748 3165 munere'tuta
763 3115 815 3165 fuit.
925 3168 927 3175 4
