2367 3942
287 429 363 499 272
405 409 446 487 P·
476 411 672 504 Orruit
698 413 925 488 Nasonis

247 544 993 618 ,eaessfflffle

388 649 837 728 umsroru1t

469 803 760 866 MAxrmo

290 895 376 1013 M
384 974 502 1017 exarte,
516 963 559 1027 qui
567 960 628 1010 tanti
639 961 771 1011 mensuram
781 959 885 1012 nominis
896 958 996 1028 imples,

327 1035 360 1084 Et
375 1035 480 1101 geminas
493 1034 566 1083 animi
582 1034 709 1084 nobilitate
725 1051 822 1100 genus5

293 1105 344 1170 Qui
361 1107 424 1156 uesci
441 1119 468 1156 ut
482 1107 579 1173 posses,
597 1107 704 1172 quamvis
721 1107 832 1156 cecidere
848 1106 974 1166 trecenti,

297 1181 388 1302 fNon
404 1195 488 1230 omnes
504 1180 590 1229 Fabios
606 1179 698 1228 abstulit
714 1196 760 1228 una
777 1179 850 1237 dies3

318 1252 427 1309 orsitan,
444 1253 495 1302 haec
510 1269 524 1301 a
542 1268 589 1317 quo
607 1251 715 1302 mittatur
731 1251 850 1318 epistola,
870 1268 986 1316 quaeras3

331 1324 429 1390 Quique
446 1325 531 1389 loquar
546 1337 647 1383 tecum,
670 1323 760 1376 certior
777 1322 822 1373 esse
838 1325 911 1374 velis.

268 1266 281 1313 5

294 1396 344 1447 Hei
355 1397 411 1447 mihi
425 1397 432 1446 ¹.
442 1397 499 1463 quid
509 1397 594 1447 faciam
607 1395 617 1444 ἒ
628 1414 718 1447 vereor
731 1431 738 1455 ,
750 1413 780 1446 ne
792 1397 911 1454 ,nomine
922 1395 1004 1454 letto,
1079 1405 1080 1414 ¹

331 1469 414 1520 Durus
431 1470 457 1520 bt
475 1469 561 1520 aversi
578 1482 661 1519 cetera
677 1481 758 1519 mente
775 1471 865 1536 legas·-

294 1542 392 1593 Viderit
405 1543 458 1595 haec
474 1542 495 1592 si
511 1542 582 1610 quis,
603 1543 646 1591 cibi
663 1559 700 1592 me
715 1541 828 1608 scripsisse
845 1542 919 1592 fateri

253 1628 285 1663 to
332 1614 456 1674 Audebo,
475 1616 499 1666 ἃ
518 1616 621 1680 propriis
637 1613 773 1683 ingemuisse
791 1615 871 1666 malis.

294 1688 412 1746 Viderit;
430 1688 525 1737 audebo
543 1690 587 1736 tibi
605 1704 643 1738 me
661 1687 775 1753 scripsisse
793 1688 888 1746 fateri,

272 1797 275 1803 .
331 1760 415 1826 Atque
428 1762 525 1810 modum
543 1762 621 1825 culpe
637 1759 762 1810 notificare
779 1778 848 1811 meae.

297 1829 366 1894 Qui,
382 1829 435 1880 crim
451 1849 489 1880 me
504 1832 576 1896 poeni
591 1832 687 1898 dignum
701 1833 812 1899 graviore
829 1831 896 1884 fuisse

333 1902 481 1963 confitear,
501 1903 593 1970 possum
608 1906 649 1954 vix
665 1908 775 1972 graviora
792 1907 851 1972 pati.

158 1986 161 2005 ¹
256 1989 286 2040 15
299 1975 411 2028 Hostibus
427 1977 451 2027 in
465 1978 548 2042 mediis
564 1979 676 2045 interque
691 1978 798 2044 pericula
813 1977 914 2028 versor:

333 2049 465 2116 Tamquam
483 2069 536 2101 cum
552 2050 629 2118 patrii
644 2069 690 2116 pax
702 2052 735 2104 sit
751 2053 844 2102 ademta
860 2051 925 2098 mihi.

298 2121 367 2188 Qui,
381 2125 465 2175 mortis
480 2124 543 2184 saevo
557 2127 680 2192 geminent
694 2133 721 2174 ut
735 2127 834 2191 vulnere
853 2123 953 2180 causas,

336 2195 425 2246 Omnia
440 2198 541 2262 vipereo
557 2199 646 2264 spicula
663 2197 721 2246 selle
737 2197 823 2246 linunt.
948 2253 950 2258 Ι

297 2267 343 2319 His
358 2286 434 2336 eques
448 2269 571 2322 intentius
587 2269 716 2335 perterrita
732 2270 817 2320 moenia
834 2267 934 2327 lustrat,

255 2353 289 2389 20
336 2341 411 2391 More
428 2343 478 2406 lupi
495 2343 584 2394 clausas
601 2343 770 2410 circumeunti}
787 2358 870 2392 oves„

299 2411 352 2471 At,
369 2414 441 2463 semel
456 2416 561 2464 intentus
577 2430 671 2472 nervo,
690 2415 750 2466 levis
767 2431 855 2471 arcus,
874 2414 965 2480 equino

335 2485 440 2537 Vincula
457 2486 550 2550 semper
561 2487 651 2534 hahens
667 2486 791 2540 irresoluto
808 2499 897 2536 manet.

298 2557 374 2606 'resia
390 2557 469 2623 rigent
483 2555 536 2607 fixis
552 2557 630 2606 veluti
644 2559 731 2607 vallata
749 2557 860 2624 sagittis,

238 2624 241 2630 ⁴
335 2628 455 2694 Pomaque
470 2630 511 2678 vix
526 2628 593 2680 firma
610 2631 734 2696 submovet
749 2646 813 2679 arma
826 2627 888 2679 sera.

255 2716 286 2762 25
301 2700 370 2752 Adde
381 2702 428 2751 loci
440 2701 545 2760 faciem,
559 2719 606 2753 nec
617 2703 703 2753 fronde
716 2737 723 2761 ‚
735 2717 780 2751 nec
791 2703 878 2752 arbore
892 2703 942 2754 laeti
953 2721 962 2762 ς

335 2772 366 2822 Et
381 2772 446 2839 quod
461 2775 526 2824 iners
543 2775 616 2824 hiemi
633 2775 787 2824 continuator
800 2774 887 2825 hiems.

298 2846 395 2896 Hieme
407 2860 551 2914 pugnantem
561 2864 616 2896 cum
628 2847 738 2914 srigore,
757 2865 859 2914 comque
871 2849 960 2916 sagittis
966 2863 981 2908 ·,
1009 2871 1013 2879 ·

336 2917 447 2984 Cumque
462 2937 517 2968 meo
533 2921 603 2979 sato,
619 2933 701 2986 quarta
717 2921 801 2988 fatigat
815 2922 898 2971 hiems.

300 2990 359 3041 fine
373 3001 457 3040 carent
468 2995 580 3059 lncrymae
591 3027 598 3051 ,
610 2993 655 3043 nisi
667 2991 720 3043 crim
731 2993 811 3060 stupor
823 2994 911 3044 obsiitit
921 2993 966 3044 illis
977 3009 987 3044 t

256 3075 291 3125 30
338 3063 370 3115 Et
385 3063 467 3117 similis
484 3065 556 3118 morti
574 3066 673 3133 pesiota
690 3079 775 3136 torpor
790 3069 873 3120 habet.
910 3140 912 3148 y
964 3073 966 3080 '
