2367 3942
222 440 667 509 maronianum.
698 444 739 509 V.
794 460 867 535 117

164 557 270 609 Voverat
279 559 321 607 illa
333 558 429 623 quidem
440 558 544 608 Curius:
557 559 598 608 sed
609 562 683 609 multa
693 559 797 611 vetustas
834 562 836 571 ‘
850 571 853 577 ’

196 631 302 681 Destruit
312 665 320 689 ‚
335 632 362 681 ὃ(
372 631 428 681 saxo
440 633 513 697 ionga
523 632 618 681 senefia
628 644 712 683 nocet.

103 699 105 704 ’
165 705 236 755 Causa
248 718 331 755 tamen
346 704 419 769 positi
431 704 511 753 fuerat
525 706 673 771 cognominis
688 706 750 766 illis,

196 776 270 842 Quod
283 776 396 843 praestant
411 778 489 827 oculis
507 778 587 827 omnia
601 788 653 828 tuta
669 778 724 829 suis.

165 850 227 900 Stant
238 866 336 917 quoque
346 866 392 915 pro
402 851 488 907 nobis,
500 850 638 915 &presunt
646 852 764 902 moenibus
773 850 863 911 Urbis,
877 864 926 917 135

195 924 224 973 Et
236 924 291 974 sunt
301 923 451 988 praesentes,
465 924 627 989 similiumque
641 924 731 974 ierunt.

166 994 196 1045 At
205 996 268 1046 canis
277 1010 334 1045 ante
344 996 438 1062 pedes,
451 996 506 1046 saxo
515 996 645 1047 fabricatus
656 998 758 1056 eodem,

197 1070 300 1120 Stabat:
318 1087 372 1135 quae
390 1068 464 1118 standi
481 1085 536 1119 cum
551 1068 613 1119 Lare
631 1070 700 1119 causa
718 1068 786 1121 fuit?

165 1142 244 1191 Servat
253 1154 357 1208 uterque
368 1142 482 1200 domum,
500 1142 598 1193 domino
610 1158 706 1209 quoque
717 1142 778 1195 fidus
790 1154 910 1211 uterque:

198 1215 309 1281 Compita
326 1227 393 1281 grata
405 1215 482 1274 Deo,
500 1216 604 1281 compita
621 1229 687 1283 grata
704 1218 766 1267 cani.
881 1223 930 1278 140

165 1288 286 1355 Exagitant
298 1288 324 1337 δι
334 1287 399 1346 Lar,
414 1288 440 1338 δι
450 1289 519 1339 turba
529 1288 633 1347 Diania,
646 1289 711 1341 fures
722 1306 732 1347 ;

198 1360 392 1429 Pervigilanrque
405 1360 498 1420 Lares,
515 1362 709 1428 pervigilantque
723 1378 806 1415 canes.

166 1434 218 1483 Bina
232 1436 393 1501 gemellorum
408 1435 544 1501 quaerebam
556 1435 625 1501 signa
637 1435 749 1490 Deorum

198 1507 296 1557 Viribus
310 1507 407 1557 annosae
422 1506 483 1556 fasta
499 1507 589 1556 caduca
604 1524 699 1565 motae5

165 1579 232 1630 Mille
243 1580 337 1638 Lares,
353 1580 508 1645 Geniumque
519 1579 618 1638 Ducis,
634 1579 675 1647 qui
684 1578 782 1629 tradidit
794 1579 865 1637 ilios,
883 1593 928 1641 145

198 1654 261 1703 Urbs
274 1654 367 1712 habet;
384 1654 411 1703 δι
430 1652 478 1702 vici
496 1652 593 1703 numina
609 1652 670 1703 trina
685 1654 778 1703 colunt.

166 1724 220 1789 Qud
232 1725 320 1777 feror.>
335 1724 456 1793 Augustus
467 1726 557 1784 mensis
567 1724 624 1775 mihi
635 1726 743 1777 carminis
753 1724 825 1793 hujus

199 1798 241 1850 Jus
255 1800 337 1855 dabit:
348 1800 444 1851 interea
455 1798 519 1849 Diva
529 1799 637 1849 canenda
648 1798 715 1849 Bona
726 1799 769 1851 est.

166 1869 203 1919 Est
212 1873 288 1922 moles
299 1874 378 1924 nativa
390 1889 397 1922 z
412 1874 469 1922 loco
479 1889 521 1923 res
529 1872 625 1923 nomina
634 1872 703 1923 fecit.
719 1915 724 1919 .

199 1944 329 2010 Appellant
340 1947 421 1996 saxum
433 1962 441 1996 t
456 1963 510 2011 pars
520 1947 584 1997 bona
596 1944 685 1997 montis
696 1963 727 1995 ea
737 1944 780 1996 est.
883 1959 933 2007 150

166 2016 226 2066 Huic
238 2018 326 2069 Remus
343 2018 459 2070 institerat
474 2018 574 2075 frustra,
587 2034 637 2083 quo
649 2031 760 2085 tempore
776 2014 845 2069 fratri

200 2089 276 2141 Prima
289 2091 403 2142 Palatinae
419 2092 487 2158 signa
500 2090 595 2142 dedistis
610 2106 679 2141 aves.

167 2162 267 2229 Templa
281 2164 366 2217 Patres
381 2165 452 2221 illic,
469 2164 555 2213 oculos
573 2162 645 2219 exosa
660 2162 760 2223 viriles,

200 2236 299 2287 Leniter
311 2238 399 2289 acclivi
413 2236 559 2287 constituere
576 2235 645 2303 juge.

165 2307 270 2359 Dedicat
280 2312 332 2360 baec
342 2311 434 2361 veteris
445 2309 589 2359 Clausorum·
596 2308 698 2361 nominis
708 2309 779 2361 heres
789 2342 797 2369 ,
863 2322 868 2331 ·
884 2323 913 2372 15
921 2324 932 2371 5

199 2384 319 2450 Virgines
336 2385 428 2434 nullum
444 2398 548 2447 corpore
564 2380 627 2447 passa
641 2382 728 2436 virum.

165 2454 233 2503 Liria
247 2455 368 2516 restituit3
385 2474 416 2505 ne
429 2473 479 2507 nou
493 2456 583 2506 imitata
595 2455 706 2507 matitum

200 2527 284 2585 Esset,
300 2530 325 2579 ἃ
340 2530 449 2582 exomni
461 2541 530 2595 parte
542 2529 625 2579 secuta
636 2531 721 2579 virum·

165 2598 355 2653 POSTERA
374 2602 428 2654 edm
442 2603 555 2659 roseam,
567 2602 642 2667 pulsis
655 2598 803 2671 Hyperionis
817 2600 900 2658 astris,
921 2632 925 2637 -

201 2674 230 2723 ln
243 2676 365 2724 matutinis
379 2676 487 2740 lampada
499 2676 566 2725 tollit
577 2675 666 2741 equis;
888 2673 937 2723 160

165 2746 275 2814 Frigidus
291 2747 406 2815 Argestes
419 2748 645 2818 stammasflmulcebit
657 2748 756 2809 aristas,
782 2748 785 2753 '

200 2820 359 2887 Candidaque
376 2839 390 2870 a
403 2821 513 2872 Calabris
526 2822 582 2871 vela
596 2822 714 2873 dabuntur
727 2818 804 2887 aquis.

164 2893 200 2941 At
216 2894 286 2942 simul
303 2894 421 2945 inducunt
436 2895 536 2945 obscura
554 2896 693 2959 crepuscula
709 2895 822 2958 nostem,

200 2965 261 3016 Pars
281 2966 397 3033 Hyadum
410 2981 468 3019 toto
485 2968 517 3017 de
533 2984 609 3035 grego
627 2970 692 3024 nulla
710 2970 778 3027 latet.

164 3038 219 3090 Ora
235 3041 328 3089 micant
340 3039 415 3090 Tauri
426 3041 519 3107 septem
532 3041 646 3103 radiantia
661 3041 778 3099 flammis,
823 3074 826 3079 -
855 3085 859 3103 ,
891 3034 936 3097 165

199 3112 293 3163 Navita
307 3129 366 3181 quas
383 3112 483 3182 Hyadas
497 3112 589 3181 Graius,
603 3115 633 3165 ab
650 3114 725 3183 imore
739 3123 822 3191 uocat.
