<?xml version="1.0" encoding="UTF-8"?>
<!DOCTYPE html PUBLIC "-//W3C//DTD XHTML 1.0 Transitional//EN"
    "http://www.w3.org/TR/xhtml1/DTD/xhtml1-transitional.dtd">
<html xmlns="http://www.w3.org/1999/xhtml" xml:lang="en" lang="en">
 <head>
  <title>
</title>
<meta http-equiv="Content-Type" content="text/html;charset=utf-8" />
  <meta name='ocr-system' content='tesseract 3.04.00' />
  <meta name='ocr-capabilities' content='ocr_page ocr_carea ocr_par ocr_line ocrx_word'/>
</head>
<body>
  <div class='ocr_page' id='page_1' title='image "./povidiinasoniso01heingoog_0050.png"; bbox 0 0 2367 3942; ppageno 0'>
   <div class='ocr_carea' id='block_1_1' title="bbox 809 329 814 342">
    <p class='ocr_par' dir='ltr' id='par_1_1' title="bbox 809 329 814 342">
     <span class='ocr_line' id='line_1_1' title="bbox 809 329 814 342; baseline 0 0"><span class='ocrx_word' id='word_1_1' title='bbox 809 329 814 342; x_wconf 62' lang='grc' dir='ltr'><strong>Χ</strong></span> 
     </span>
    </p>
   </div>
   <div class='ocr_carea' id='block_1_2' title="bbox 232 490 870 618">
    <p class='ocr_par' dir='ltr' id='par_1_2' title="bbox 232 490 870 618">
     <span class='ocr_line' id='line_1_2' title="bbox 232 490 870 618; baseline 0 -25"><span class='ocrx_word' id='word_1_2' title='bbox 232 528 539 594; x_wconf 69' lang='grc' dir='ltr'><em>ΡΑετοιιυΜ</em></span> <span class='ocrx_word' id='word_1_3' title='bbox 567 490 679 593; x_wconf 71' lang='lat' dir='ltr'><strong>err.</strong></span> <span class='ocrx_word' id='word_1_4' title='bbox 705 522 767 593; x_wconf 89' lang='grc' dir='ltr'><strong>ΙΙ.</strong></span> <span class='ocrx_word' id='word_1_5' title='bbox 817 540 870 618; x_wconf 75' lang='lat'><strong>47</strong></span> 
     </span>
    </p>
   </div>
   <div class='ocr_carea' id='block_1_3' title="bbox 111 640 988 3337">
    <p class='ocr_par' dir='ltr' id='par_1_3' title="bbox 111 640 988 3337">
     <span class='ocr_line' id='line_1_3' title="bbox 166 640 624 709; baseline 0.009 -20"><span class='ocrx_word' id='word_1_6' title='bbox 166 640 205 691; x_wconf 75' lang='lat' dir='ltr'><strong>nir</strong></span> <span class='ocrx_word' id='word_1_7' title='bbox 217 644 318 693; x_wconf 75' lang='lat' dir='ltr'><strong>Vestalis</strong></span> <span class='ocrx_word' id='word_1_8' title='bbox 335 642 441 693; x_wconf 74' lang='lat' dir='ltr'><strong>coelestia</strong></span> <span class='ocrx_word' id='word_1_9' title='bbox 454 642 540 693; x_wconf 80' lang='lat' dir='ltr'><strong>semina</strong></span> <span class='ocrx_word' id='word_1_10' title='bbox 554 656 624 709; x_wconf 77' lang='lat' dir='ltr'><strong>partu</strong></span> 
     </span>
     <span class='ocr_line' id='line_1_4' title="bbox 200 716 697 784; baseline 0.002 -19"><span class='ocrx_word' id='word_1_11' title='bbox 200 716 327 773; x_wconf 80' lang='lat' dir='ltr'><strong>Ediderat‚</strong></span> <span class='ocrx_word' id='word_1_12' title='bbox 342 728 433 781; x_wconf 85' lang='lat' dir='ltr'><strong>¹patruo</strong></span> <span class='ocrx_word' id='word_1_13' title='bbox 446 732 519 784; x_wconf 82' lang='lat' dir='ltr'><strong>regna</strong></span> <span class='ocrx_word' id='word_1_14' title='bbox 532 730 632 775; x_wconf 83' lang='lat' dir='ltr'><strong>tenente</strong></span> <span class='ocrx_word' id='word_1_15' title='bbox 645 718 697 767; x_wconf 86' lang='lat' dir='ltr'><strong>suo.</strong></span> 
     </span>
     <span class='ocr_line' id='line_1_5' title="bbox 166 786 929 856; baseline 0.005 -21"><span class='ocrx_word' id='word_1_16' title='bbox 166 786 188 837; x_wconf 84' lang='lat' dir='ltr'><strong>Is</strong></span> <span class='ocrx_word' id='word_1_17' title='bbox 201 787 267 855; x_wconf 77' lang='lat' dir='ltr'><strong>jubet</strong></span> <span class='ocrx_word' id='word_1_18' title='bbox 278 790 369 855; x_wconf 59' lang='lat' dir='ltr'><strong>ruferti</strong></span> <span class='ocrx_word' id='word_1_19' title='bbox 382 806 487 855; x_wconf 80' lang='lat' dir='ltr'><strong>parvos,</strong></span> <span class='ocrx_word' id='word_1_20' title='bbox 509 791 534 841; x_wconf 83' lang='lat' dir='ltr'><strong>dt</strong></span> <span class='ocrx_word' id='word_1_21' title='bbox 546 791 570 838; x_wconf 88' lang='lat' dir='ltr'><strong>in</strong></span> <span class='ocrx_word' id='word_1_22' title='bbox 582 808 652 839; x_wconf 78' lang='lat' dir='ltr'><strong>amne</strong></span> <span class='ocrx_word' id='word_1_23' title='bbox 666 791 758 841; x_wconf 79' lang='lat' dir='ltr'><strong>necati.</strong></span> <span class='ocrx_word' id='word_1_24' title='bbox 879 790 913 856; x_wconf 82' lang='lat'><strong>38</strong></span> <span class='ocrx_word' id='word_1_25' title='bbox 918 807 929 853; x_wconf 88' lang='lat'>5</span> 
     </span>
     <span class='ocr_line' id='line_1_6' title="bbox 200 860 830 928; baseline 0 -15"><span class='ocrx_word' id='word_1_26' title='bbox 200 862 264 928; x_wconf 86' lang='lat' dir='ltr'><strong>Quid</strong></span> <span class='ocrx_word' id='word_1_27' title='bbox 278 864 339 913; x_wconf 79' lang='lat' dir='ltr'><strong>facis</strong></span> <span class='ocrx_word' id='word_1_28' title='bbox 352 861 362 911; x_wconf 74' lang='grc' dir='ltr'><strong><em>ἓ</em></strong></span> <span class='ocrx_word' id='word_1_29' title='bbox 383 879 415 911; x_wconf 84' lang='lat' dir='ltr'><strong>ex</strong></span> <span class='ocrx_word' id='word_1_30' title='bbox 430 860 476 912; x_wconf 82' lang='lat' dir='ltr'><strong>istis</strong></span> <span class='ocrx_word' id='word_1_31' title='bbox 487 863 604 914; x_wconf 80' lang='lat' dir='ltr'>Romulus</span> <span class='ocrx_word' id='word_1_32' title='bbox 616 866 677 923; x_wconf 80' lang='lat' dir='ltr'><strong>alter</strong></span> <span class='ocrx_word' id='word_1_33' title='bbox 686 865 741 913; x_wconf 86' lang='lat' dir='ltr'><strong>erit.</strong></span> <span class='ocrx_word' id='word_1_34' title='bbox 825 915 830 919; x_wconf 63' lang='grc'>,</span> 
     </span>
     <span class='ocr_line' id='line_1_7' title="bbox 166 932 768 1008; baseline 0.003 -23"><span class='ocrx_word' id='word_1_35' title='bbox 166 932 224 985; x_wconf 75' lang='lat' dir='ltr'><strong>Jutsa</strong></span> <span class='ocrx_word' id='word_1_36' title='bbox 234 936 374 989; x_wconf 83' lang='lat' dir='ltr'>recusantes</span> <span class='ocrx_word' id='word_1_37' title='bbox 384 948 502 1003; x_wconf 80' lang='lat' dir='ltr'><strong>peragunt</strong></span> <span class='ocrx_word' id='word_1_38' title='bbox 513 938 647 1008; x_wconf 77' lang='lat' dir='ltr'><strong>lacrymosa</strong></span> <span class='ocrx_word' id='word_1_39' title='bbox 656 938 768 987; x_wconf 83' lang='lat' dir='ltr'><strong>ministri:</strong></span> 
     </span>
     <span class='ocr_line' id='line_1_8' title="bbox 197 1008 825 1077; baseline 0.01 -18"><span class='ocrx_word' id='word_1_40' title='bbox 197 1010 267 1059; x_wconf 80' lang='lat' dir='ltr'><strong>Fient</strong></span> <span class='ocrx_word' id='word_1_41' title='bbox 279 1024 383 1067; x_wconf 83' lang='lat' dir='ltr'><strong>tamen,</strong></span> <span class='ocrx_word' id='word_1_42' title='bbox 400 1008 425 1058; x_wconf 80' lang='grc' dir='ltr'><strong>δι</strong></span> <span class='ocrx_word' id='word_1_43' title='bbox 437 1011 545 1077; x_wconf 85' lang='lat' dir='ltr'><strong>geminos</strong></span> <span class='ocrx_word' id='word_1_44' title='bbox 557 1012 581 1059; x_wconf 88' lang='lat' dir='ltr'><strong>iu</strong></span> <span class='ocrx_word' id='word_1_45' title='bbox 597 1012 652 1061; x_wconf 82' lang='lat' dir='ltr'><strong>loca</strong></span> <span class='ocrx_word' id='word_1_46' title='bbox 663 1010 719 1076; x_wconf 71' lang='lat' dir='ltr'><strong>jussa</strong></span> <span class='ocrx_word' id='word_1_47' title='bbox 732 1012 825 1065; x_wconf 80' lang='lat' dir='ltr'><strong>ferunt.</strong></span> 
     </span>
     <span class='ocr_line' id='line_1_9' title="bbox 164 1079 799 1149; baseline 0.008 -18"><span class='ocrx_word' id='word_1_48' title='bbox 164 1079 248 1133; x_wconf 76' lang='lat' dir='ltr'><strong>Albula</strong></span> <span class='ocrx_word' id='word_1_49' title='bbox 259 1118 266 1143; x_wconf 91' lang='lat'>,</span> <span class='ocrx_word' id='word_1_50' title='bbox 286 1100 357 1149; x_wconf 88' lang='lat' dir='ltr'><strong>quem</strong></span> <span class='ocrx_word' id='word_1_51' title='bbox 368 1082 452 1133; x_wconf 88' lang='lat' dir='ltr'><strong>Tibrin</strong></span> <span class='ocrx_word' id='word_1_52' title='bbox 463 1084 551 1133; x_wconf 83' lang='lat' dir='ltr'><strong>mersus</strong></span> <span class='ocrx_word' id='word_1_53' title='bbox 562 1084 691 1133; x_wconf 84' lang='lat' dir='ltr'><strong>Tiberinus</strong></span> <span class='ocrx_word' id='word_1_54' title='bbox 701 1084 725 1133; x_wconf 92' lang='lat' dir='ltr'><strong>in</strong></span> <span class='ocrx_word' id='word_1_55' title='bbox 735 1086 799 1136; x_wconf 77' lang='lat' dir='ltr'><strong>unde</strong></span> 
     </span>
     <span class='ocr_line' id='line_1_10' title="bbox 198 1156 934 1226; baseline 0.005 -19"><span class='ocrx_word' id='word_1_56' title='bbox 198 1156 332 1214; x_wconf 84' lang='lat' dir='ltr'><strong>Reddidit,</strong></span> <span class='ocrx_word' id='word_1_57' title='bbox 347 1157 453 1207; x_wconf 82' lang='lat' dir='ltr'><strong>hibernis</strong></span> <span class='ocrx_word' id='word_1_58' title='bbox 466 1157 531 1208; x_wconf 70' lang='lat' dir='ltr'><strong>forte</strong></span> <span class='ocrx_word' id='word_1_59' title='bbox 543 1159 653 1207; x_wconf 80' lang='lat' dir='ltr'>tumebat</span> <span class='ocrx_word' id='word_1_60' title='bbox 665 1158 742 1225; x_wconf 79' lang='lat' dir='ltr'><strong>aquis.</strong></span> <span class='ocrx_word' id='word_1_61' title='bbox 882 1172 934 1226; x_wconf 80' lang='lat'><strong>390</strong></span> 
     </span>
     <span class='ocr_line' id='line_1_11' title="bbox 164 1225 835 1291; baseline 0.006 -13"><span class='ocrx_word' id='word_1_62' title='bbox 164 1225 211 1278; x_wconf 84' lang='lat' dir='ltr'><strong>Hic</strong></span> <span class='ocrx_word' id='word_1_63' title='bbox 222 1264 229 1288; x_wconf 85' lang='lat'>,</span> <span class='ocrx_word' id='word_1_64' title='bbox 244 1232 286 1281; x_wconf 91' lang='lat' dir='ltr'><strong>ubi</strong></span> <span class='ocrx_word' id='word_1_65' title='bbox 297 1247 359 1279; x_wconf 88' lang='lat' dir='ltr'><strong>nunc</strong></span> <span class='ocrx_word' id='word_1_66' title='bbox 371 1231 387 1280; x_wconf 83' lang='lat' dir='ltr'>F</span> <span class='ocrx_word' id='word_1_67' title='bbox 390 1246 433 1281; x_wconf 85' lang='lat' dir='ltr'><strong>ota</strong></span> <span class='ocrx_word' id='word_1_68' title='bbox 445 1230 498 1281; x_wconf 89' lang='lat' dir='ltr'><strong>sunt</strong></span> <span class='ocrx_word' id='word_1_69' title='bbox 509 1263 517 1289; x_wconf 91' lang='lat'>,</span> <span class='ocrx_word' id='word_1_70' title='bbox 535 1231 619 1282; x_wconf 83' lang='lat' dir='ltr'>lintres</span> <span class='ocrx_word' id='word_1_71' title='bbox 629 1248 709 1281; x_wconf 85' lang='lat' dir='ltr'><strong>errare</strong></span> <span class='ocrx_word' id='word_1_72' title='bbox 719 1231 816 1282; x_wconf 79' lang='lat' dir='ltr'><strong>videret</strong></span> <span class='ocrx_word' id='word_1_73' title='bbox 826 1249 835 1291; x_wconf 73' lang='grc' dir='ltr'><strong><em>ς</em></strong></span> 
     </span>
     <span class='ocr_line' id='line_1_12' title="bbox 198 1303 812 1371; baseline 0.007 -18"><span class='ocrx_word' id='word_1_74' title='bbox 198 1303 302 1371; x_wconf 85' lang='lat' dir='ltr'><strong>Qua&#39;que</strong></span> <span class='ocrx_word' id='word_1_75' title='bbox 317 1303 400 1369; x_wconf 83' lang='lat' dir='ltr'><strong>jacent</strong></span> <span class='ocrx_word' id='word_1_76' title='bbox 412 1306 507 1363; x_wconf 81' lang='lat' dir='ltr'><strong>valles,</strong></span> <span class='ocrx_word' id='word_1_77' title='bbox 523 1305 630 1355; x_wconf 83' lang='lat' dir='ltr'>Maxime</span> <span class='ocrx_word' id='word_1_78' title='bbox 645 1304 737 1363; x_wconf 84' lang='lat' dir='ltr'>Circe,</span> <span class='ocrx_word' id='word_1_79' title='bbox 753 1318 812 1357; x_wconf 82' lang='lat' dir='ltr'><strong>tuae.</strong></span> 
     </span>
     <span class='ocr_line' id='line_1_13' title="bbox 164 1372 793 1444; baseline 0.008 -21"><span class='ocrx_word' id='word_1_80' title='bbox 164 1372 217 1425; x_wconf 87' lang='lat' dir='ltr'><strong>Huc</strong></span> <span class='ocrx_word' id='word_1_81' title='bbox 228 1378 268 1426; x_wconf 85' lang='lat' dir='ltr'><strong>ubi</strong></span> <span class='ocrx_word' id='word_1_82' title='bbox 279 1389 418 1435; x_wconf 84' lang='lat' dir='ltr'><strong>venerunt,</strong></span> <span class='ocrx_word' id='word_1_83' title='bbox 433 1395 479 1427; x_wconf 83' lang='lat' dir='ltr'><strong>nec</strong></span> <span class='ocrx_word' id='word_1_84' title='bbox 490 1376 538 1443; x_wconf 87' lang='lat' dir='ltr'><strong>jam</strong></span> <span class='ocrx_word' id='word_1_85' title='bbox 543 1378 688 1444; x_wconf 56' lang='lat' dir='ltr'><strong>sstocedete</strong></span> <span class='ocrx_word' id='word_1_86' title='bbox 698 1376 793 1443; x_wconf 78' lang='lat' dir='ltr'><strong>poffunt</strong></span> 
     </span>
     <span class='ocr_line' id='line_1_14' title="bbox 198 1448 720 1517; baseline 0 -18"><span class='ocrx_word' id='word_1_87' title='bbox 198 1448 307 1517; x_wconf 79' lang='lat' dir='ltr'><strong>Longius</strong></span> <span class='ocrx_word' id='word_1_88' title='bbox 321 1468 329 1508; x_wconf 69' lang='grc' dir='ltr'>ς</span> <span class='ocrx_word' id='word_1_89' title='bbox 347 1468 378 1499; x_wconf 88' lang='lat' dir='ltr'><strong>ex</strong></span> <span class='ocrx_word' id='word_1_90' title='bbox 388 1452 435 1503; x_wconf 78' lang='lat' dir='ltr'><strong>illis</strong></span> <span class='ocrx_word' id='word_1_91' title='bbox 447 1468 524 1510; x_wconf 87' lang='lat' dir='ltr'><strong>unus,</strong></span> <span class='ocrx_word' id='word_1_92' title='bbox 540 1469 569 1500; x_wconf 80' lang='lat' dir='ltr'><strong>an</strong></span> <span class='ocrx_word' id='word_1_93' title='bbox 580 1454 659 1508; x_wconf 82' lang='lat' dir='ltr'><strong>alter,</strong></span> <span class='ocrx_word' id='word_1_94' title='bbox 677 1451 720 1501; x_wconf 81' lang='lat' dir='ltr'><strong>ait.</strong></span> 
     </span>
     <span class='ocr_line' id='line_1_15' title="bbox 164 1520 988 1590; baseline 0.005 -20"><span class='ocrx_word' id='word_1_95' title='bbox 164 1520 198 1570; x_wconf 82' lang='lat' dir='ltr'><strong>At</strong></span> <span class='ocrx_word' id='word_1_96' title='bbox 211 1528 281 1589; x_wconf 68' lang='lat' dir='ltr'><strong>quem</strong></span> <span class='ocrx_word' id='word_1_97' title='bbox 293 1523 347 1572; x_wconf 85' lang='lat' dir='ltr'><strong>sunt</strong></span> <span class='ocrx_word' id='word_1_98' title='bbox 357 1524 447 1573; x_wconf 81' lang='lat' dir='ltr'>similes</span> <span class='ocrx_word' id='word_1_99' title='bbox 460 1522 466 1571; x_wconf 77' lang='grc' dir='ltr'>Ι</span> <span class='ocrx_word' id='word_1_100' title='bbox 480 1535 506 1572; x_wconf 85' lang='lat' dir='ltr'><strong>at</strong></span> <span class='ocrx_word' id='word_1_101' title='bbox 515 1528 584 1590; x_wconf 74' lang='lat' dir='ltr'><strong>qudm</strong></span> <span class='ocrx_word' id='word_1_102' title='bbox 596 1524 713 1573; x_wconf 80' lang='lat' dir='ltr'><strong>formosus</strong></span> <span class='ocrx_word' id='word_1_103' title='bbox 724 1523 844 1590; x_wconf 87' lang='lat' dir='ltr'><strong>uterque!</strong></span> <span class='ocrx_word' id='word_1_104' title='bbox 886 1538 918 1589; x_wconf 85' lang='lat'><strong>39</strong></span> <span class='ocrx_word' id='word_1_105' title='bbox 925 1540 936 1587; x_wconf 90' lang='lat'><em>5</em></span> <span class='ocrx_word' id='word_1_106' title='bbox 984 1548 988 1556; x_wconf 62' lang='lat'><strong><em>⁴</em></strong></span> 
     </span>
     <span class='ocr_line' id='line_1_16' title="bbox 198 1594 713 1660; baseline 0 -16"><span class='ocrx_word' id='word_1_107' title='bbox 198 1594 256 1646; x_wconf 87' lang='lat' dir='ltr'><strong>Plus</strong></span> <span class='ocrx_word' id='word_1_108' title='bbox 269 1609 353 1645; x_wconf 80' lang='lat' dir='ltr'><strong>tamen</strong></span> <span class='ocrx_word' id='word_1_109' title='bbox 366 1612 397 1645; x_wconf 80' lang='lat' dir='ltr'><strong>ex</strong></span> <span class='ocrx_word' id='word_1_110' title='bbox 410 1596 458 1645; x_wconf 83' lang='lat' dir='ltr'><strong>illis</strong></span> <span class='ocrx_word' id='word_1_111' title='bbox 473 1596 514 1643; x_wconf 86' lang='lat' dir='ltr'><strong>iste</strong></span> <span class='ocrx_word' id='word_1_112' title='bbox 527 1596 618 1660; x_wconf 82' lang='lat' dir='ltr'><strong>vigoris</strong></span> <span class='ocrx_word' id='word_1_113' title='bbox 629 1596 713 1644; x_wconf 85' lang='lat' dir='ltr'><strong>habet.</strong></span> 
     </span>
     <span class='ocr_line' id='line_1_17' title="bbox 162 1667 764 1736; baseline -0.002 -19"><span class='ocrx_word' id='word_1_114' title='bbox 162 1667 185 1717; x_wconf 83' lang='lat' dir='ltr'><strong>si</strong></span> <span class='ocrx_word' id='word_1_115' title='bbox 196 1686 278 1736; x_wconf 84' lang='lat' dir='ltr'><strong>genus</strong></span> <span class='ocrx_word' id='word_1_116' title='bbox 291 1668 399 1735; x_wconf 79' lang='lat' dir='ltr'>arguitur</span> <span class='ocrx_word' id='word_1_117' title='bbox 410 1670 480 1717; x_wconf 78' lang='lat' dir='ltr'><strong>vultu</strong></span> <span class='ocrx_word' id='word_1_118' title='bbox 490 1684 499 1725; x_wconf 86' lang='lat'>;</span> <span class='ocrx_word' id='word_1_119' title='bbox 518 1668 543 1715; x_wconf 87' lang='lat' dir='ltr'><strong>ni</strong></span> <span class='ocrx_word' id='word_1_120' title='bbox 556 1668 617 1716; x_wconf 74' lang='lat' dir='ltr'><strong>fallit</strong></span> <span class='ocrx_word' id='word_1_121' title='bbox 628 1668 725 1735; x_wconf 77' lang='lat' dir='ltr'><strong>imago,</strong></span> <span class='ocrx_word' id='word_1_122' title='bbox 762 1689 764 1694; x_wconf 68' lang='lat'>,</span> 
     </span>
     <span class='ocr_line' id='line_1_18' title="bbox 196 1739 735 1806; baseline -0.004 -14"><span class='ocrx_word' id='word_1_123' title='bbox 196 1742 295 1792; x_wconf 89' lang='lat' dir='ltr'><strong>Nescio</strong></span> <span class='ocrx_word' id='word_1_124' title='bbox 307 1756 378 1806; x_wconf 89' lang='lat' dir='ltr'><strong>quem</strong></span> <span class='ocrx_word' id='word_1_125' title='bbox 388 1741 459 1790; x_wconf 85' lang='lat' dir='ltr'><strong>vobis</strong></span> <span class='ocrx_word' id='word_1_126' title='bbox 470 1740 574 1806; x_wconf 85' lang='lat' dir='ltr'><strong>suspicor</strong></span> <span class='ocrx_word' id='word_1_127' title='bbox 585 1739 632 1790; x_wconf 80' lang='lat' dir='ltr'><strong>esse</strong></span> <span class='ocrx_word' id='word_1_128' title='bbox 643 1741 735 1790; x_wconf 87' lang='lat' dir='ltr'><strong>Deum.</strong></span> 
     </span>
     <span class='ocr_line' id='line_1_19' title="bbox 162 1812 765 1883; baseline 0 -18"><span class='ocrx_word' id='word_1_129' title='bbox 162 1812 226 1866; x_wconf 78' lang='lat' dir='ltr'><strong>Arsi</strong></span> <span class='ocrx_word' id='word_1_130' title='bbox 238 1813 297 1883; x_wconf 87' lang='lat' dir='ltr'><strong>quis</strong></span> <span class='ocrx_word' id='word_1_131' title='bbox 308 1814 391 1863; x_wconf 76' lang='lat' dir='ltr'><strong>vestrae</strong></span> <span class='ocrx_word' id='word_1_132' title='bbox 401 1815 471 1864; x_wconf 86' lang='lat' dir='ltr'><strong>Deus</strong></span> <span class='ocrx_word' id='word_1_133' title='bbox 483 1813 542 1863; x_wconf 81' lang='lat' dir='ltr'><strong>eiset</strong></span> <span class='ocrx_word' id='word_1_134' title='bbox 554 1814 653 1882; x_wconf 82' lang='lat' dir='ltr'><strong>originis</strong></span> <span class='ocrx_word' id='word_1_135' title='bbox 663 1815 765 1873; x_wconf 70' lang='lat' dir='ltr'><strong>audior,</strong></span> 
     </span>
     <span class='ocr_line' id='line_1_20' title="bbox 196 1886 938 1954; baseline 0.001 -16"><span class='ocrx_word' id='word_1_136' title='bbox 196 1889 226 1938; x_wconf 86' lang='lat' dir='ltr'><strong>in</strong></span> <span class='ocrx_word' id='word_1_137' title='bbox 240 1900 292 1939; x_wconf 81' lang='lat' dir='ltr'><strong>tarn</strong></span> <span class='ocrx_word' id='word_1_138' title='bbox 305 1886 422 1953; x_wconf 71' lang='lat' dir='ltr'><strong>precipiti</strong></span> <span class='ocrx_word' id='word_1_139' title='bbox 435 1901 544 1954; x_wconf 85' lang='lat' dir='ltr'><strong>tempore</strong></span> <span class='ocrx_word' id='word_1_140' title='bbox 558 1888 634 1939; x_wconf 83' lang='lat' dir='ltr'><strong>ferret</strong></span> <span class='ocrx_word' id='word_1_141' title='bbox 646 1906 728 1954; x_wconf 82' lang='lat' dir='ltr'><strong>opem.</strong></span> <span class='ocrx_word' id='word_1_142' title='bbox 886 1906 938 1953; x_wconf 83' lang='lat' dir='ltr'><strong>4oo</strong></span> 
     </span>
     <span class='ocr_line' id='line_1_21' title="bbox 164 1958 793 2031; baseline 0.003 -22"><span class='ocrx_word' id='word_1_143' title='bbox 164 1958 249 2012; x_wconf 80' lang='lat' dir='ltr'>Ferret</span> <span class='ocrx_word' id='word_1_144' title='bbox 262 1978 335 2027; x_wconf 89' lang='lat' dir='ltr'><strong>opem</strong></span> <span class='ocrx_word' id='word_1_145' title='bbox 347 1961 433 2021; x_wconf 73' lang='lat' dir='ltr'><strong>cette,</strong></span> <span class='ocrx_word' id='word_1_146' title='bbox 448 1962 469 2011; x_wconf 82' lang='lat' dir='ltr'><strong>si</strong></span> <span class='ocrx_word' id='word_1_147' title='bbox 480 1979 529 2013; x_wconf 89' lang='lat' dir='ltr'><strong>non</strong></span> <span class='ocrx_word' id='word_1_148' title='bbox 540 1977 587 2027; x_wconf 87' lang='lat' dir='ltr'><strong>ope</strong></span> <span class='ocrx_word' id='word_1_149' title='bbox 598 1975 675 2012; x_wconf 79' lang='lat' dir='ltr'><strong>meter</strong></span> <span class='ocrx_word' id='word_1_150' title='bbox 689 1968 793 2031; x_wconf 75' lang='lat' dir='ltr'><strong>egeret,</strong></span> 
     </span>
     <span class='ocr_line' id='line_1_22' title="bbox 198 2034 707 2098; baseline 0 -14"><span class='ocrx_word' id='word_1_151' title='bbox 198 2034 265 2098; x_wconf 85' lang='lat' dir='ltr'><strong>Qttae</strong></span> <span class='ocrx_word' id='word_1_152' title='bbox 281 2034 343 2085; x_wconf 69' lang='lat' dir='ltr'><strong>fasta</strong></span> <span class='ocrx_word' id='word_1_153' title='bbox 354 2034 386 2084; x_wconf 85' lang='lat' dir='ltr'><strong>est</strong></span> <span class='ocrx_word' id='word_1_154' title='bbox 401 2052 451 2085; x_wconf 91' lang='lat' dir='ltr'><strong>uno</strong></span> <span class='ocrx_word' id='word_1_155' title='bbox 462 2049 539 2085; x_wconf 82' lang='lat' dir='ltr'><strong>mater</strong></span> <span class='ocrx_word' id='word_1_156' title='bbox 550 2035 575 2085; x_wconf 83' lang='lat' dir='ltr'><strong>dt</strong></span> <span class='ocrx_word' id='word_1_157' title='bbox 587 2036 646 2085; x_wconf 78' lang='lat' dir='ltr'><strong>orba</strong></span> <span class='ocrx_word' id='word_1_158' title='bbox 659 2035 707 2085; x_wconf 87' lang='lat' dir='ltr'><strong>die.</strong></span> 
     </span>
     <span class='ocr_line' id='line_1_23' title="bbox 163 2106 877 2179; baseline 0.006 -26"><span class='ocrx_word' id='word_1_159' title='bbox 163 2106 226 2157; x_wconf 83' lang='lat' dir='ltr'><strong>Nata</strong></span> <span class='ocrx_word' id='word_1_160' title='bbox 237 2109 313 2179; x_wconf 80' lang='lat' dir='ltr'><strong>simul</strong></span> <span class='ocrx_word' id='word_1_161' title='bbox 324 2140 332 2165; x_wconf 85' lang='lat'>,</span> <span class='ocrx_word' id='word_1_162' title='bbox 349 2109 455 2173; x_wconf 84' lang='lat' dir='ltr'><strong>petitura</strong></span> <span class='ocrx_word' id='word_1_163' title='bbox 465 2108 534 2157; x_wconf 87' lang='lat' dir='ltr'><strong>simul</strong></span> <span class='ocrx_word' id='word_1_164' title='bbox 545 2138 553 2165; x_wconf 82' lang='lat'>‚</span> <span class='ocrx_word' id='word_1_165' title='bbox 571 2109 641 2156; x_wconf 84' lang='lat' dir='ltr'><strong>simul</strong></span> <span class='ocrx_word' id='word_1_166' title='bbox 652 2107 687 2159; x_wconf 90' lang='lat' dir='ltr'><strong>ite</strong></span> <span class='ocrx_word' id='word_1_167' title='bbox 698 2108 740 2172; x_wconf 71' lang='lat' dir='ltr'><strong>iub</strong></span> <span class='ocrx_word' id='word_1_168' title='bbox 749 2106 824 2157; x_wconf 77' lang='lat' dir='ltr'><strong>undat</strong></span> <span class='ocrx_word' id='word_1_169' title='bbox 873 2122 877 2131; x_wconf 78' lang='grc'><strong><em>’</em></strong></span> 
     </span>
     <span class='ocr_line' id='line_1_24' title="bbox 201 2179 732 2247; baseline 0 -18"><span class='ocrx_word' id='word_1_170' title='bbox 201 2180 330 2247; x_wconf 83' lang='lat' dir='ltr'><strong>Corpora.</strong></span> <span class='ocrx_word' id='word_1_171' title='bbox 345 2180 481 2237; x_wconf 84' lang='lat' dir='ltr'>Desierat,</span> <span class='ocrx_word' id='word_1_172' title='bbox 498 2179 656 2246; x_wconf 82' lang='lat' dir='ltr'><strong>deposuitque</strong></span> <span class='ocrx_word' id='word_1_173' title='bbox 669 2180 732 2230; x_wconf 83' lang='lat' dir='ltr'><strong>sinu.</strong></span> 
     </span>
     <span class='ocr_line' id='line_1_25' title="bbox 163 2251 938 2322; baseline 0 -17"><span class='ocrx_word' id='word_1_174' title='bbox 163 2252 308 2322; x_wconf 78' lang='lat' dir='ltr'><strong>vagierunt</strong></span> <span class='ocrx_word' id='word_1_175' title='bbox 323 2253 428 2302; x_wconf 81' lang='lat' dir='ltr'><strong>clamore</strong></span> <span class='ocrx_word' id='word_1_176' title='bbox 439 2251 489 2316; x_wconf 81' lang='lat' dir='ltr'><strong>pori</strong></span> <span class='ocrx_word' id='word_1_177' title='bbox 502 2268 509 2303; x_wconf 90' lang='lat'><strong>:</strong></span> <span class='ocrx_word' id='word_1_178' title='bbox 522 2252 610 2301; x_wconf 89' lang='lat' dir='ltr'><strong>sentire</strong></span> <span class='ocrx_word' id='word_1_179' title='bbox 625 2265 733 2318; x_wconf 80' lang='lat' dir='ltr'><strong>putaret.</strong></span> <span class='ocrx_word' id='word_1_180' title='bbox 887 2270 923 2317; x_wconf 84' lang='lat'><strong>40</strong></span> <span class='ocrx_word' id='word_1_181' title='bbox 927 2271 938 2317; x_wconf 86' lang='lat'><em>5</em></span> 
     </span>
     <span class='ocr_line' id='line_1_26' title="bbox 200 2324 664 2393; baseline -0.004 -16"><span class='ocrx_word' id='word_1_182' title='bbox 200 2327 234 2376; x_wconf 86' lang='lat' dir='ltr'><strong>Hi</strong></span> <span class='ocrx_word' id='word_1_183' title='bbox 245 2326 356 2377; x_wconf 90' lang='lat' dir='ltr'><strong>redeunt</strong></span> <span class='ocrx_word' id='word_1_184' title='bbox 365 2325 417 2375; x_wconf 88' lang='lat' dir='ltr'><strong>udis</strong></span> <span class='ocrx_word' id='word_1_185' title='bbox 428 2325 452 2375; x_wconf 92' lang='lat' dir='ltr'><strong>in</strong></span> <span class='ocrx_word' id='word_1_186' title='bbox 463 2325 502 2375; x_wconf 81' lang='lat' dir='ltr'><strong>sua</strong></span> <span class='ocrx_word' id='word_1_187' title='bbox 512 2324 575 2375; x_wconf 72' lang='lat' dir='ltr'><strong>tetta</strong></span> <span class='ocrx_word' id='word_1_188' title='bbox 586 2327 664 2393; x_wconf 84' lang='lat' dir='ltr'><strong>genis.</strong></span> 
     </span>
     <span class='ocr_line' id='line_1_27' title="bbox 163 2396 781 2465; baseline 0.006 -18"><span class='ocrx_word' id='word_1_189' title='bbox 163 2396 271 2450; x_wconf 75' lang='lat' dir='ltr'><strong>Sustinet</strong></span> <span class='ocrx_word' id='word_1_190' title='bbox 285 2398 412 2465; x_wconf 82' lang='lat' dir='ltr'><strong>impositos</strong></span> <span class='ocrx_word' id='word_1_191' title='bbox 423 2398 511 2449; x_wconf 60' lang='lat' dir='ltr'><strong>summi</strong></span> <span class='ocrx_word' id='word_1_192' title='bbox 525 2415 599 2449; x_wconf 83' lang='lat' dir='ltr'><strong>cavus</strong></span> <span class='ocrx_word' id='word_1_193' title='bbox 611 2401 694 2449; x_wconf 79' lang='lat' dir='ltr'><strong>alveus</strong></span> <span class='ocrx_word' id='word_1_194' title='bbox 708 2398 781 2451; x_wconf 68' lang='lat' dir='ltr'><strong>turdi.</strong></span> 
     </span>
     <span class='ocr_line' id='line_1_28' title="bbox 111 2471 749 2546; baseline -0.003 -23"><span class='ocrx_word' id='word_1_195' title='bbox 111 2533 113 2546; x_wconf 24' lang='grc' dir='ltr'><strong>Α</strong></span> <span class='ocrx_word' id='word_1_196' title='bbox 199 2472 260 2523; x_wconf 85' lang='lat' dir='ltr'><strong>Heu</strong></span> <span class='ocrx_word' id='word_1_197' title='bbox 274 2474 281 2521; x_wconf 90' lang='lat'>!</span> <span class='ocrx_word' id='word_1_198' title='bbox 297 2484 411 2538; x_wconf 83' lang='lat' dir='ltr'><strong>quantum</strong></span> <span class='ocrx_word' id='word_1_199' title='bbox 426 2472 549 2539; x_wconf 82' lang='lat' dir='ltr'><strong>fatiparva</strong></span> <span class='ocrx_word' id='word_1_200' title='bbox 562 2474 651 2523; x_wconf 75' lang='lat' dir='ltr'><strong>tabella</strong></span> <span class='ocrx_word' id='word_1_201' title='bbox 663 2471 749 2521; x_wconf 79' lang='lat' dir='ltr'><strong>vehit!</strong></span> 
     </span>
     <span class='ocr_line' id='line_1_29' title="bbox 163 2543 714 2613; baseline 0.004 -20"><span class='ocrx_word' id='word_1_202' title='bbox 163 2543 260 2596; x_wconf 81' lang='lat' dir='ltr'><strong>Alveus</strong></span> <span class='ocrx_word' id='word_1_203' title='bbox 273 2546 299 2595; x_wconf 90' lang='lat' dir='ltr'><strong>in</strong></span> <span class='ocrx_word' id='word_1_204' title='bbox 310 2548 388 2603; x_wconf 84' lang='lat' dir='ltr'><strong>limo,</strong></span> <span class='ocrx_word' id='word_1_205' title='bbox 408 2546 474 2595; x_wconf 77' lang='lat' dir='ltr'><strong>silvis</strong></span> <span class='ocrx_word' id='word_1_206' title='bbox 489 2546 599 2613; x_wconf 78' lang='lat' dir='ltr'>appulsus</span> <span class='ocrx_word' id='word_1_207' title='bbox 612 2547 714 2613; x_wconf 60' lang='lat' dir='ltr'><strong>opicis,</strong></span> 
     </span>
     <span class='ocr_line' id='line_1_30' title="bbox 200 2616 942 2681; baseline -0.003 -12"><span class='ocrx_word' id='word_1_208' title='bbox 200 2617 324 2669; x_wconf 80' lang='lat' dir='ltr'><strong>Paulatim</strong></span> <span class='ocrx_word' id='word_1_209' title='bbox 336 2618 411 2675; x_wconf 78' lang='lat' dir='ltr'><strong>fluvio</strong></span> <span class='ocrx_word' id='word_1_210' title='bbox 424 2616 553 2671; x_wconf 80' lang='lat' dir='ltr'><strong>deficiente</strong></span> <span class='ocrx_word' id='word_1_211' title='bbox 567 2653 575 2677; x_wconf 93' lang='lat'>,</span> <span class='ocrx_word' id='word_1_212' title='bbox 595 2619 673 2669; x_wconf 81' lang='lat' dir='ltr'><strong>sedet.</strong></span> <span class='ocrx_word' id='word_1_213' title='bbox 888 2635 942 2681; x_wconf 83' lang='lat'><strong>4¹0</strong></span> 
     </span>
     <span class='ocr_line' id='line_1_31' title="bbox 161 2689 987 2761; baseline 0.005 -20"><span class='ocrx_word' id='word_1_214' title='bbox 161 2689 248 2741; x_wconf 80' lang='lat' dir='ltr'>Arbor</span> <span class='ocrx_word' id='word_1_215' title='bbox 261 2704 317 2741; x_wconf 78' lang='lat' dir='ltr'><strong>erat</strong></span> <span class='ocrx_word' id='word_1_216' title='bbox 328 2708 335 2744; x_wconf 74' lang='grc' dir='ltr'><strong>ε</strong></span> <span class='ocrx_word' id='word_1_217' title='bbox 348 2705 475 2743; x_wconf 76' lang='lat' dir='ltr'>remanent</span> <span class='ocrx_word' id='word_1_218' title='bbox 488 2692 586 2761; x_wconf 77' lang='lat' dir='ltr'><strong>vestigia</strong></span> <span class='ocrx_word' id='word_1_219' title='bbox 598 2708 605 2743; x_wconf 79' lang='lat' dir='ltr'><strong>t</strong></span> <span class='ocrx_word' id='word_1_220' title='bbox 617 2707 720 2760; x_wconf 72' lang='lat' dir='ltr'><strong>queque</strong></span> <span class='ocrx_word' id='word_1_221' title='bbox 731 2704 834 2745; x_wconf 76' lang='lat' dir='ltr'><strong>vocetur</strong></span> <span class='ocrx_word' id='word_1_222' title='bbox 880 2741 883 2745; x_wconf 83' lang='lat'><em>.</em></span> <span class='ocrx_word' id='word_1_223' title='bbox 985 2751 987 2754; x_wconf 54' lang='grc'><strong>,</strong></span> 
     </span>
     <span class='ocr_line' id='line_1_32' title="bbox 200 2764 743 2824; baseline 0.006 -9"><span class='ocrx_word' id='word_1_224' title='bbox 200 2764 310 2824; x_wconf 73' lang='lat' dir='ltr'><strong>Rumina</strong></span> <span class='ocrx_word' id='word_1_225' title='bbox 323 2782 387 2817; x_wconf 84' lang='lat' dir='ltr'><strong>nuuc</strong></span> <span class='ocrx_word' id='word_1_226' title='bbox 400 2765 479 2824; x_wconf 82' lang='lat' dir='ltr'>ficus,</span> <span class='ocrx_word' id='word_1_227' title='bbox 496 2766 599 2817; x_wconf 81' lang='lat' dir='ltr'><strong>Romula</strong></span> <span class='ocrx_word' id='word_1_228' title='bbox 609 2764 669 2818; x_wconf 81' lang='lat' dir='ltr'><strong>ficus</strong></span> <span class='ocrx_word' id='word_1_229' title='bbox 680 2777 743 2818; x_wconf 64' lang='lat' dir='ltr'><strong>erat«</strong></span> 
     </span>
     <span class='ocr_line' id='line_1_33' title="bbox 160 2838 835 2906; baseline -0.001 -17"><span class='ocrx_word' id='word_1_230' title='bbox 160 2838 244 2889; x_wconf 86' lang='lat' dir='ltr'><strong>Venit</strong></span> <span class='ocrx_word' id='word_1_231' title='bbox 258 2839 293 2889; x_wconf 81' lang='lat' dir='ltr'><strong>ad</strong></span> <span class='ocrx_word' id='word_1_232' title='bbox 303 2840 447 2904; x_wconf 81' lang='lat' dir='ltr'><strong>expositos,</strong></span> <span class='ocrx_word' id='word_1_233' title='bbox 463 2840 548 2889; x_wconf 88' lang='lat' dir='ltr'><strong>mirum</strong></span> <span class='ocrx_word' id='word_1_234' title='bbox 561 2838 567 2887; x_wconf 91' lang='lat'>!</span> <span class='ocrx_word' id='word_1_235' title='bbox 582 2841 638 2905; x_wconf 78' lang='lat' dir='ltr'><strong>lupa</strong></span> <span class='ocrx_word' id='word_1_236' title='bbox 647 2839 697 2904; x_wconf 69' lang='lat' dir='ltr'><strong>feta</strong></span> <span class='ocrx_word' id='word_1_237' title='bbox 708 2840 835 2906; x_wconf 82' lang='lat' dir='ltr'><strong>gemellos.</strong></span> 
     </span>
     <span class='ocr_line' id='line_1_34' title="bbox 111 2910 747 2979; baseline 0.005 -19"><span class='ocrx_word' id='word_1_238' title='bbox 111 2938 112 2949; x_wconf 46' lang='lat' dir='ltr'><strong>r</strong></span> <span class='ocrx_word' id='word_1_239' title='bbox 202 2911 272 2977; x_wconf 84' lang='lat' dir='ltr'><strong>Quis</strong></span> <span class='ocrx_word' id='word_1_240' title='bbox 285 2913 369 2961; x_wconf 83' lang='lat' dir='ltr'><strong>credat</strong></span> <span class='ocrx_word' id='word_1_241' title='bbox 379 2914 460 2979; x_wconf 86' lang='lat' dir='ltr'><strong>pueris</strong></span> <span class='ocrx_word' id='word_1_242' title='bbox 472 2927 521 2962; x_wconf 87' lang='lat' dir='ltr'><strong>non</strong></span> <span class='ocrx_word' id='word_1_243' title='bbox 534 2912 638 2961; x_wconf 81' lang='lat' dir='ltr'><strong>nocuiffe</strong></span> <span class='ocrx_word' id='word_1_244' title='bbox 651 2910 747 2963; x_wconf 73' lang='lat' dir='ltr'><strong>feram?</strong></span> 
     </span>
     <span class='ocr_line' id='line_1_35' title="bbox 161 2982 944 3052; baseline -0.008 -16"><span class='ocrx_word' id='word_1_245' title='bbox 161 2982 220 3036; x_wconf 85' lang='lat' dir='ltr'><strong>Non</strong></span> <span class='ocrx_word' id='word_1_246' title='bbox 232 2982 347 3042; x_wconf 78' lang='lat' dir='ltr'><strong>nocuisse</strong></span> <span class='ocrx_word' id='word_1_247' title='bbox 356 3002 438 3049; x_wconf 77' lang='lat' dir='ltr'><strong>parurn</strong></span> <span class='ocrx_word' id='word_1_248' title='bbox 448 2984 586 3050; x_wconf 79' lang='lat' dir='ltr'><strong>est,ptodess</strong></span> <span class='ocrx_word' id='word_1_249' title='bbox 596 3002 692 3052; x_wconf 84' lang='lat' dir='ltr'><strong>quoque</strong></span> <span class='ocrx_word' id='word_1_250' title='bbox 701 3002 709 3036; x_wconf 82' lang='lat' dir='ltr'><strong>t</strong></span> <span class='ocrx_word' id='word_1_251' title='bbox 717 3001 778 3051; x_wconf 81' lang='lat' dir='ltr'><strong>quos</strong></span> <span class='ocrx_word' id='word_1_252' title='bbox 788 2985 844 3050; x_wconf 73' lang='lat' dir='ltr'><strong>lupa</strong></span> <span class='ocrx_word' id='word_1_253' title='bbox 853 2983 944 3039; x_wconf 79' lang='lat' dir='ltr'><strong>nutrit,</strong></span> 
     </span>
     <span class='ocr_line' id='line_1_36' title="bbox 198 3056 945 3124; baseline -0.008 -15"><span class='ocrx_word' id='word_1_254' title='bbox 198 3058 318 3109; x_wconf 85' lang='lat' dir='ltr'><strong>Prodere</strong></span> <span class='ocrx_word' id='word_1_255' title='bbox 332 3071 441 3124; x_wconf 66' lang='lat' dir='ltr'><strong>cognate</strong></span> <span class='ocrx_word' id='word_1_256' title='bbox 455 3058 581 3109; x_wconf 66' lang='lat' dir='ltr'><strong>sustinuere</strong></span> <span class='ocrx_word' id='word_1_257' title='bbox 594 3076 687 3113; x_wconf 73' lang='lat' dir='ltr'><strong>manus.</strong></span> <span class='ocrx_word' id='word_1_258' title='bbox 892 3056 945 3115; x_wconf 81' lang='lat'><strong>416</strong></span> 
     </span>
     <span class='ocr_line' id='line_1_37' title="bbox 164 3129 804 3190; baseline 0 -11"><span class='ocrx_word' id='word_1_259' title='bbox 164 3129 288 3182; x_wconf 81' lang='lat' dir='ltr'><strong>Constitit</strong></span> <span class='ocrx_word' id='word_1_260' title='bbox 299 3164 308 3190; x_wconf 85' lang='lat'>,</span> <span class='ocrx_word' id='word_1_261' title='bbox 328 3132 355 3183; x_wconf 76' lang='lat' dir='ltr'><strong>dt</strong></span> <span class='ocrx_word' id='word_1_262' title='bbox 366 3131 441 3181; x_wconf 71' lang='lat' dir='ltr'><strong>caude</strong></span> <span class='ocrx_word' id='word_1_263' title='bbox 450 3133 540 3183; x_wconf 81' lang='lat' dir='ltr'><strong>terteris</strong></span> <span class='ocrx_word' id='word_1_264' title='bbox 554 3132 677 3181; x_wconf 81' lang='lat' dir='ltr'><strong>blanditur</strong></span> <span class='ocrx_word' id='word_1_265' title='bbox 686 3129 804 3188; x_wconf 71' lang='lat' dir='ltr'><strong>alumnis,</strong></span> 
     </span>
     <span class='ocr_line' id='line_1_38' title="bbox 198 3202 658 3273; baseline 0 -18"><span class='ocrx_word' id='word_1_266' title='bbox 198 3204 233 3256; x_wconf 89' lang='lat' dir='ltr'><strong>Et</strong></span> <span class='ocrx_word' id='word_1_267' title='bbox 244 3202 321 3273; x_wconf 81' lang='lat' dir='ltr'><strong>fingit</strong></span> <span class='ocrx_word' id='word_1_268' title='bbox 331 3203 529 3273; x_wconf 63' lang='lat' dir='ltr'><strong>linguitotpora</strong></span> <span class='ocrx_word' id='word_1_269' title='bbox 540 3204 597 3258; x_wconf 79' lang='lat' dir='ltr'><strong>bine</strong></span> <span class='ocrx_word' id='word_1_270' title='bbox 606 3204 658 3255; x_wconf 67' lang='lat' dir='ltr'><strong>sud.</strong></span> 
     </span>
     <span class='ocr_line' id='line_1_39' title="bbox 265 3314 279 3337; baseline 0 0"><span class='ocrx_word' id='word_1_271' title='bbox 265 3314 279 3337; x_wconf 71' lang='grc' dir='ltr'>ἰ</span> 
     </span>
    </p>
   </div>
   <div class='ocr_carea' id='block_1_4' title="bbox 0 0 1188 3942">
    <p class='ocr_par' dir='ltr' id='par_1_4' title="bbox 0 0 1188 3942">
     <span class='ocr_line' id='line_1_40' title="bbox 0 0 1188 3942; baseline 0 1"><span class='ocrx_word' id='word_1_272' title='bbox 0 0 1188 3942; x_wconf 95' lang='lat' dir='ltr'><strong> </strong></span> 
     </span>
    </p>
   </div>
  </div>
 </body>
</html>
