2367 3942
293 417 368 510 248
407 416 449 492 P.
476 414 668 490 Orruit
693 415 921 500 Namare

248 551 283 599 45
295 539 415 602 Alloquor
431 551 462 584 eu
477 533 561 584 absens
578 534 703 599 presentia
719 535 813 586 numina
829 537 950 602 supplex:

329 610 356 660 si
369 610 405 659 fas
423 607 456 658 est
469 607 559 658 homini
575 624 630 656 curn
646 607 709 658 Jove
723 607 789 674 polie
808 610 884 675 loqui.

294 682 392 733 Arbiter
409 681 504 748 imperii
514 680 522 729 l
534 697 583 746 quo
600 693 692 730 certum
711 681 744 730 est
759 681 845 746 sospite
860 681 964 733 cunilae

329 754 538 806 antoniacum
554 754 632 820 gentis
649 753 738 803 habere
755 753 845 804 Deos:

293 827 320 880 0
336 828 410 878 decus
430 826 436 875 Ι
455 825 472 876 ὃ
487 825 570 892 patriar
585 843 630 892 pet
645 837 671 874 te
687 825 797 876 florentie
811 827 909 894 imago!

252 914 286 964 50
333 900 359 951 0
374 899 413 950 vir
427 916 477 950 non
491 899 561 964 ipso,
576 915 647 964 quem
662 899 742 965 regis,
759 900 819 950 orbe
833 900 911 950 minor
923 898 932 948 ἱ

294 973 333 1024 Sic
350 973 444 1024 habites
458 983 552 1029 terras,
567 972 595 1022 dt
612 983 637 1020 te
651 971 774 1022 desideret
789 972 884 1023 aetherl

329 1045 370 1098 Sic
385 1045 416 1095 ad
431 1044 499 1110 pasta
512 1042 555 1094 tibi
573 1043 652 1093 sidera
668 1043 751 1094 tardus
767 1045 826 1094 eas!

294 1117 389 1177 Parce,
404 1134 492 1186 precor
502 1133 510 1168 ε
522 1116 690 1182 minimamque
705 1117 789 1167 tunde
800 1116 900 1168 fulmine
912 1129 1006 1184 partem

330 1191 411 1242 Deme
429 1208 438 1250 3
456 1190 510 1240 latis
525 1206 621 1255 poenae,
638 1188 704 1255 quud
717 1189 858 1254 superabit,
873 1190 929 1239 erit.

251 1278 263 1326 5
269 1279 282 1328 5
295 1265 334 1316 lte
346 1264 442 1331 quidem
453 1263 576 1314 moderata
587 1274 629 1312 tua
639 1262 672 1312 eu
684 1262 824 1329 avitemque
837 1262 940 1312 dedisti:

330 1339 384 1388 Nec
399 1337 457 1386 mihi
469 1335 509 1401 jus
523 1335 599 1392 civia,
614 1351 659 1386 nec
672 1335 730 1384 mili
744 1351 831 1385 nomen
845 1334 920 1384 abest.

293 1411 348 1461 Nec
362 1427 416 1461 mea
430 1407 540 1459 eonceffa
554 1406 588 1458 est
603 1409 654 1458 aliis
669 1408 775 1462 Fortuna
790 1423 858 1458 :nec
873 1407 941 1457 exsul

330 1483 408 1533 Ediui
422 1482 501 1532 verbis
514 1480 627 1531 nominor
642 1480 692 1546 ipse
709 1480 755 1530 tui.

293 1553 430 1622 Omniaque
441 1556 494 1606 hec
505 1554 589 1610 timui,
603 1554 657 1619 quia
668 1569 707 1602 me
718 1550 826 1604 meruisse
835 1552 968 1604 videbame
988 1559 993 1566 '

250 1625 285 1676 60
332 1628 382 1678 Sed
397 1640 439 1678 tua
454 1639 558 1693 peccato
572 1628 651 1676 lenior
666 1626 700 1675 ira
715 1643 770 1676 meo
786 1624 828 1676 eli.

291 1690 364 1752 Arre
373 1702 509 1767 relegatum
521 1698 608 1765 jussisti
626 1700 703 1748 visere
719 1698 810 1757 Ponti,

328 1773 360 1823 Et
376 1773 516 1839 Scytbicum
530 1770 634 1837 profugi
649 1769 742 1822 findere
757 1787 838 1838 puppe
853 1771 954 1824 fretum.

290 1843 369 1897 lullus
384 1845 415 1894 ed
430 1843 518 1894 Euxini
533 1843 649 1892 deformia
663 1844 734 1892 litora
750 1845 807 1894 ueni

327 1913 442 1983 AEquoria
461 1917 535 1967 thaec
550 1915 632 1983 gelido
646 1927 711 1966 terra
728 1915 769 1966 sub
783 1933 828 1967 axe
846 1916 921 1983 jacet.

247 1987 279 2051 65
293 1989 348 2040 Nec
358 2007 397 2040 me
409 2002 457 2040 tam
468 1989 559 2040 cruciat
569 2004 697 2055 numquam
712 1989 762 2038 sine
775 1988 866 2057 frigore
879 1992 985 2050 coelum,

329 2063 457 2132 Glebaque
476 2062 572 2112 canenti
588 2061 681 2130 semper
696 2061 778 2124 obulin
793 2065 868 2130 gelu5

291 2135 429 2204 Nesciaque
442 2136 476 2188 eli
491 2136 561 2186 vocis
576 2135 642 2202 quod
658 2135 757 2185 barbara
771 2136 853 2202 lingua
868 2134 984 2194 Larinae;
1064 2131 1066 2136 ’

326 2209 452 2278 Grajaque
468 2211 534 2276 qnod
552 2208 643 2260 Getico
658 2207 717 2258 vina
735 2209 831 2275 loquela
850 2207 928 2266 son03

291 2282 371 2348 Quim
383 2284 446 2349 quod
456 2281 557 2332 finitimo
569 2281 659 2331 einiius
670 2297 767 2347 premor
778 2281 883 2345 u'ndique
896 2280 978 2332 Marte
990 2297 1000 2342 ς

247 2368 284 2415 7ο
329 2357 427 2424 Vixque
443 2356 523 2406 brevis
539 2367 618 2406 tutum
635 2371 715 2404 murus
730 2356 760 2404 ab
774 2353 841 2404 holle
859 2353 927 2404 facit.

292 2427 341 2479 Pax
357 2440 437 2480 tamen
454 2429 592 2486 interdum,
608 2429 673 2494 pacis
689 2425 776 2476 fidncia
792 2443 920 2492 numquam
939 2425 985 2478 eu.

327 2501 368 2550 Sic
384 2517 448 2551 nunc
463 2500 502 2549 liic
517 2501 624 2566 patitur,
638 2516 701 2550 nune
717 2500 787 2551 timet
802 2517 884 2558 arma,
902 2500 982 2550 locus.

290 2573 356 2624 Hinc
372 2589 420 2642 ego
436 2573 492 2624 dum
507 2585 606 2632 muter,
622 2574 663 2622 vel
679 2589 717 2624 me
734 2573 845 2624 Zanclaea
862 2571 1001 2640 Charybdis

327 2645 459 2705 Devoret,
473 2663 534 2712 aque
550 2646 595 2695 sule
609 2646 640 2695 ad
656 2645 730 2712 Styga
747 2647 825 2696 mittat
839 2647 926 2710 aquis:

246 2731 279 2780 75
293 2720 342 2768 Vel
358 2718 445 2784 rapidae
460 2716 560 2769 flammis
575 2735 632 2768 urar
646 2719 766 2784 patienter
781 2719 805 2766 in
821 2715 924 2770 AEtnae:

327 2790 378 2841 Vel
393 2791 454 2841 freta
472 2790 587 2842 Leucadii
602 2791 683 2840 mittar
697 2791 721 2838 in
737 2791 784 2838 alta
800 2789 860 2841 Dei.

290 2862 365 2928 Quod
372 2863 695 2930 petitur,poenaest:neque
704 2862 841 2911 enimnriser
849 2863 894 2914 elie
901 2865 1001 2926 reculna

326 2935 374 2992 Sed
385 2954 494 3006 precor,
506 2949 533 2990 ut
545 2936 639 3005 possim
653 2931 727 2988 tutius
742 2932 790 2989 elle
806 2935 890 2992 milet.
