2367 3942
262 445 411 514 Emsr.
439 460 497 512 rx
523 444 668 522 Ponro
698 446 740 515 L.
766 448 796 513 I.
834 407 906 541 27}

197 565 302 616 Felicem
320 564 421 614 Nioben
435 563 441 612 s
455 562 562 628 quamvis
578 575 616 612 tot
633 563 718 614 sunere
734 565 815 623 vidit,

230 638 294 700 Quae
310 636 393 702 posuit
408 635 519 693 sensum,
535 637 604 686 saxea
619 635 697 694 sana,
714 639 779 687 meli.
829 667 834 680 ·

196 711 249 760 Vos
263 726 363 775 quoque
379 708 465 758 felices
482 707 488 755 !
508 706 607 772 quarum
624 709 749 760 clamantia
767 711 864 760 fratrem

158 820 166 838 .
230 782 334 832 Cortice
350 780 443 830 velavit
456 782 560 846 populus
577 797 620 830 ora
637 797 712 830 novo.

196 854 238 905 ille
249 870 301 921 ego
317 854 387 911 sum,
406 853 497 919 lignum
512 854 554 919 qui
568 870 618 902 non
634 853 745 904 admittar
761 854 784 904 in
803 857 894 908 ullum:
916 869 928 922 3
936 872 949 920 5

230 927 276 976 llle
294 942 343 993 ego
357 927 427 983 sum,
445 924 529 976 srusira
543 926 585 991 qui
601 927 661 992 lapis
678 925 725 976 esse
743 929 823 980 velim.

195 999 246 1065 ipse
262 997 368 1051 Medusr
381 997 458 1047 oculis
472 998 554 1048 veniat
571 999 629 1049 lieet
644 1000 714 1050 obvie
729 1000 835 1061 rosiris,

231 1071 337 1121 Amittat
353 1071 417 1120 vires
432 1070 480 1134 ipse
497 1071 599 1120 Medusa
614 1071 676 1122 suas.

197 1144 328 1203 Vivimus,
346 1155 375 1193 nt
389 1143 456 1192 sensu
470 1160 597 1209 numquam
614 1161 742 1196 careamus.
752 1162 853 1200 amaros

231 1216 263 1266 Et
280 1217 380 1283 gravior
394 1215 468 1281 longi
484 1214 512 1264 fit
527 1227 581 1266 mea
596 1233 667 1283 poene
682 1217 758 1268 mori.
914 1237 950 1282 40

196 1290 236 1342 sic
250 1288 426 1339 inconsumtum
440 1288 509 1354 Tityi
523 1289 663 1355 semperque
678 1291 811 1344 renascens
915 1297 925 1316 ·

232 1364 291 1412 Non
306 1362 392 1427 perit,
409 1373 437 1410 ut
450 1362 527 1427 possit
543 1362 605 1428 sepe
618 1363 720 1428 perire,
736 1362 814 1428 jecur.

196 1434 231 1485 At
240 1447 301 1499 puto
313 1467 321 1492 ,
334 1431 388 1484 crim
399 1434 495 1498 requies
506 1467 515 1491 ,
526 1435 691 1501 medicinaque
701 1438 795 1500 publica
807 1454 873 1490 cura

232 1509 337 1557 Somnus
352 1505 436 1564 adesi,
454 1507 529 1556 solitis
545 1523 595 1558 nox
611 1509 678 1557 venit
693 1510 751 1558 orba
766 1511 843 1562 molis.

151 1602 157 1612 ·
195 1579 292 1630 Somnia
307 1595 346 1630 me
362 1591 456 1630 terrent
472 1596 545 1630 veros
560 1580 678 1628 imitantia
696 1581 782 1632 casuss
914 1599 947 1648 45

231 1651 264 1703 Et
279 1648 382 1719 vigilant
398 1652 477 1702 sensus
492 1653 517 1701 in
532 1669 586 1702 mea
604 1653 687 1701 damna
702 1653 761 1702 mei.

194 1723 246 1776 Aut
260 1742 310 1792 ego
323 1725 464 1774 Sarmaticas
481 1725 566 1774 videor
581 1726 658 1775 vitare
674 1725 789 1794 sagittas:

230 1797 285 1848 Aut
301 1797 358 1848 dare
374 1798 485 1862 captives
497 1798 526 1846 ad
540 1798 591 1848 sera
607 1798 686 1848 vincla
702 1792 795 1852 mosius.

193 1873 264 1929 Aut,
282 1871 324 1920 ubi
341 1870 448 1934 decipior
465 1871 570 1921 melioris
585 1871 687 1939 imagine
705 1872 799 1932 somni.

234 1943 335 2009 Aspicio
349 1942 432 2007 patriae
445 1942 508 1993 tesia
522 1943 605 1992 relisis
621 1961 689 1994 meae.
810 1969 814 1982 ·
914 1965 948 2010 50

195 2017 228 2068 Et
242 2012 319 2066 modo
333 2015 477 2072 vobiscum,
491 2032 551 2081 quos
567 2015 616 2065 snm
632 2029 782 2075 veneratus,
797 2018 884 2079 amici,

232 2090 266 2140 Et
282 2085 356 2139 modo
371 2105 426 2138 cum
442 2079 498 2146 <arii
513 2085 638 2154 conjuge,
653 2090 727 2137 musta
744 2091 841 2154 loquor.

194 2164 256 2221 sic,
273 2160 315 2211 ubi
327 2174 442 2226 percepta
457 2160 490 2210 esi
504 2161 584 2209 brevis
602 2161 628 2210 δι
644 2176 693 2209 non
709 2177 766 2210 vera
783 2165 913 2230 voluptas,

231 2233 309 2298 Pejor
324 2235 355 2283 ab
368 2233 494 2286 admonnu
507 2231 535 2282 sit
552 2231 623 2284 status
639 2232 680 2282 iste
696 2234 762 2283 boni.

195 2309 254 2359 Sive
271 2307 324 2356 dies
338 2307 415 2372 igitur
425 2319 497 2382 cappe
513 2307 560 2354 hoc
574 2306 710 2356 miserabile
728 2306 823 2367 cernit,
916 2328 928 2378 5
934 2329 948 2379 5

234 2380 293 2430 Sive
309 2378 416 2445 pruinosi
432 2377 516 2444 Nostis
532 2391 636 2444 aguntur
654 2378 730 2443 equi:

180 2454 238 2505 ‘Sic
255 2467 309 2502 mea
324 2451 447 2517 perpetuis
466 2449 591 2517 liquefiunt
606 2451 704 2517 pesiora
722 2453 805 2514 curis,

235 2524 334 2592 Ignibus
350 2523 493 2588 admouent
510 2541 574 2574 nova
590 2541 647 2574 cere
663 2524 732 2576 solet.

197 2599 270 2664 Saepe
278 2613 367 2663 precor
375 2609 493 2654 mortem,
505 2609 608 2647 mortem
616 2613 712 2664 quoque
723 2601 841 2664 deprecor
848 2603 931 2665 idem5

235 2671 276 2721 Ne
291 2686 344 2719 mee
359 2669 515 2718 sarmaticum
533 2681 648 2736 contegat
663 2669 710 2720 ossa
727 2672 810 2724 solum.
915 2662 951 2728 fio

197 2741 263 2794 Cum
278 2742 358 2800 subit,
377 2740 476 2808 Augusti
492 2755 545 2806 quae
563 2742 594 2791 sit
609 2742 754 2804 elementia,
769 2746 843 2798 credo

236 2814 324 2864 Mollia
340 2812 468 2882 mastigiis
484 2815 555 2864 litora
569 2814 635 2880 posse
654 2815 713 2864 dari.

201 2885 266 2938 Cion
279 2886 354 2936 video
369 2890 438 2952 quim
453 2888 501 2937 sint
516 2904 570 2936 mea
586 2888 635 2936 sata
650 2889 764 2944 tenacia,
780 2889 897 2958 frangor-3

236 2960 345 3027 Spesque
361 2959 423 3010 levis
438 2976 525 3026 magno
540 2959 601 3011 vissa
617 2961 703 3011 timore
718 2960 792 3010 cadit.
885 3005 895 3020 ,

200 3034 256 3084 Nec
270 3045 353 3083 temen
367 3032 469 3082 ulterius
484 3032 614 3098 quidquam
626 3032 727 3097 sperove
740 3049 858 3097 precorve
869 3072 883 3100 ,
907 3040 951 3105 ,65

238 3104 324 3170 Quem
335 3103 398 3158 nale
412 3117 505 3156 mutato
521 3103 586 3173 posse
602 3121 686 3156 catere
701 3105 771 3170 lero.

793 3175 864 3232 'Me
954 3191 957 3196 ·
