2367 3942
205 414 344 482 Erusr.
369 428 442 481 aar
460 412 606 479 Pouro
629 412 670 484 L.
697 414 765 482 IV.
795 435 813 507 3
819 435 868 507 59

160 528 208 580 llic
227 530 278 596 agri
292 530 416 581 initondes
432 530 491 581 :hic
508 530 598 595 spicula
613 530 685 581 tinsia
700 532 822 584 veneniss
838 570 843 577 ,

196 600 244 653 Hic
262 604 325 653 sreta
341 605 382 655 vel
398 604 474 670 pediti
490 604 572 669 pervia
588 604 668 653 reddit
681 604 768 655 hiems.

160 676 215 735 Ur,
234 677 288 741 qui»
298 693 380 727 remus
394 678 441 727 iter
458 677 533 742 pulsis
549 676 624 727 modo
640 677 734 727 fecerat
750 678 841 739 undis,

196 749 281 799 Siccus
295 750 417 800 contemti
431 766 493 801 nave
508 749 587 801 viator
600 762 650 801 eat.

159 820 212 885 Qui
228 822 330 873 veniunt
344 822 429 881 istinc,
446 824 488 873 rix
504 818 595 873 vos'ea
610 824 711 873 credere
727 824 821 877 dicunt.
877 840 909 893 35

196 893 278 957 Qudm
294 896 363 947 miser
379 897 430 955 est,
445 896 487 963 qui
500 896 549 947 sert
565 896 683 964 asperiora
698 896 767 947 sides

159 966 242 1017 Crede
258 980 338 1019 tamen
349 986 356 1021 t
368 986 414 1021 nec
432 982 457 1020 te
474 970 554 1021 causus
570 970 663 1020 nescire
678 971 804 1028 sinemus,

197 1041 304 1091 Horrida
320 1044 476 1095 Sarmaticum
492 1060 536 1094 cur
550 1060 616 1093 mare
630 1044 701 1093 duret
718 1045 804 1095 hiems.

153 1112 273 1163 Proxima
287 1115 340 1166 sunt
354 1117 423 1167 nobis
437 1116 531 1182 plaustri
548 1116 662 1166 ducentia
678 1116 797 1176 sormam,

198 1187 230 1235 Et
246 1205 299 1254 quae
314 1190 460 1256 praecipuum
472 1189 553 1240 sidera
566 1190 642 1256 srigus
657 1189 756 1239 habent.
877 1206 913 1253 40

115 1312 124 1337 ·
160 1259 227 1309 Hinc
245 1261 320 1312 oritur
335 1262 443 1319 Boreas,
464 1278 561 1327 oraeque
578 1261 720 1311 domesticus
734 1261 791 1312 huic
806 1260 857 1322 est,

198 1332 230 1381 Et
246 1332 314 1385 sumit
330 1336 394 1386 vires
409 1352 423 1384 a
425 1334 552 1414 propiore
569 1336 637 1385 loco

160 1404 196 1454 At
209 1407 311 1465 Notus,
326 1396 435 1457 adverso
443 1408 551 1472 tepidum
564 1407 605 1473 qui
620 1406 692 1473 spirat
707 1408 737 1456 ab
753 1423 817 1467 axe,

198 1478 237 1527 Est
253 1473 358 1545 procul,
377 1480 404 1531 δι
421 1496 488 1532 rarus
504 1480 686 1547 languidiorque
702 1479 781 1529 venit.

161 1551 233 1604 Adde
249 1553 313 1617 quod
329 1551 369 1601 hic
388 1552 468 1601 clauso
484 1552 613 1603 miscentur
624 1552 721 1601 flumina
735 1552 836 1613 Ponto,
878 1571 911 1617 45

198 1624 306 1689 Vimque
322 1624 411 1674 sretum
429 1626 505 1675 multo
521 1626 603 1690 perdit
619 1627 649 1674 ab
664 1641 734 1674 arnae
750 1625 823 1675 suam.

160 1696 315 1764 HucLycus,
317 1697 363 1747 huc
373 1698 476 1765 Sagaris,
479 1697 794 1784 Peniusqueutypanisque,
796 1699 931 1769 Cretesque

198 1769 299 1829 influit,
318 1770 344 1821 δι
360 1772 446 1822 crebro
461 1773 556 1823 vortice
571 1784 651 1822 tortus
666 1771 762 1843 Halys:

162 1841 352 1917 Partheniusque
369 1862 461 1911 rapax,
480 1847 506 1897 &
522 1847 623 1897 volvens
641 1839 695 1895 sara
712 1844 826 1921 Cynapes

201 1912 316 1976 Labitur,
335 1916 361 1968 &
378 1920 445 1968 nullo
461 1918 553 1968 tardior
569 1934 639 1967 amne
656 1918 746 1984 Tyras.
881 1935 914 1983 50

164 1988 195 2037 Et
212 2000 262 2047 tu,
281 1990 390 2039 femineae
405 1991 563 2039 Thermodon
579 1990 676 2056 cognite
693 2002 800 2072 turmae,

201 2062 232 2111 Et
248 2022 368 2127 quoddam
385 2062 484 2126 Graiis,
506 2062 594 2121 Phasi,
612 2062 690 2127 petite
705 2061 772 2111 viris.

165 2133 274 2201 Cumque
289 2134 448 2223 Bprysthenio
466 2136 634 2203 liquidissimus
649 2150 718 2186 amne
734 2136 880 2202 Dyraspes,

201 2207 232 2257 Et
248 2208 322 2259 tacite
338 2225 455 2277 peragens
471 2212 526 2259 lene
542 2208 708 2259 Melanthus
701 2220 759 2257 iter.

166 2279 262 2347 Quique
280 2281 339 2333 duas
353 2294 451 2341 terras,
470 2283 552 2333 Asiam
568 2280 703 2347 Cadmique
719 2280 826 2333 sororem
855 2327 857 2330 .
884 2298 915 2347 55

201 2355 321 2419 Separat,
340 2355 366 2405 δι
382 2356 464 2406 cursus
480 2356 544 2406 inter
557 2368 684 2421 utramque
697 2354 764 2403 facit.

166 2427 335 2495 lnnumerique
353 2428 412 2487 alii,
432 2444 493 2495 quos
508 2430 571 2478 inter
587 2429 703 2477 maximus
721 2444 806 2479 omues

98 2526 101 2535 ν
203 2499 300 2551 Cedere
317 2502 442 2551 Danubius
459 2502 483 2551 se
501 2502 563 2561 ribi,
579 2502 656 2560 Nil'e,
675 2513 759 2568 neget.

167 2571 247 2637 Copia
262 2574 305 2624 tor'
315 2574 430 2632 laticum,
447 2590 507 2641 quas
522 2587 618 2641 auget,
633 2575 754 2625 adulterat
768 2573 843 2625 undas
854 2590 879 2633 3·

169 2676 176 2691 .
205 2644 364 2711 Nec'patitur
381 2647 446 2697 vires
463 2664 546 2713 aequor
561 2648 650 2698 habere
666 2647 728 2697 suas.
885 2646 920 2699 60

168 2717 238 2783 Quin
254 2719 343 2779 etiam,
359 2720 441 2789 stagno
456 2720 558 2779 similis,
575 2721 702 2788 pigraque
714 2720 817 2787 paludi,

208 2790 333 2843 Caeruleus
349 2794 389 2843 vix
399 2794 460 2854 ,εῐὲι
476 2794 623 2860 diluiturque
638 2794 718 2843 color.

169 2866 266 2915 lnnatat
280 2866 344 2915 unda
359 2867 423 2917 freto
439 2868 536 2925 duleis,
555 2868 682 2931 leviorque
700 2863 789 2912 marina
804 2863 858 2923 eil,

191 2937 273 3002 Quat
290 2940 414 3009 proprium
429 2942 504 2991 mixto
522 2941 551 2989 de
567 2939 615 2988 sale
630 2936 724 3003 pondus
742 2937 824 2986 habet.
896 2958 900 2963 ·

172 3012 198 3061 Si
215 3023 287 3078 roget
304 3012 354 3061 haec
369 3013 474 3079 aliquis,
493 3030 536 3063 cur
551 3012 599 3061 sint
612 3021 707 3060 narrata
722 3007 873 3069 Pedoni,
890 3009 923 3072 65

212 3084 310 3161 Quidve
324 3086 393 3153 loqui
409 3088 481 3139 certis
496 3084 587 3153 juverit
600 3083 643 3136 ilia
657 3082 755 3149 modis·
