2367 3942
262 461 787 535 FasronvsrL1s.VI.
827 486 898 561 135

186 583 230 636 lus
245 582 291 633 tibi
307 581 386 631 fecisti
401 596 490 630 numen
506 579 603 629 coelelle
619 582 736 641 videndi,

225 655 286 705 Cum
302 655 394 720 placuit
411 654 515 703 numeris
531 654 640 704 condere
653 655 709 705 sella
725 656 781 707 tuis.

187 729 228 778 Ne
243 741 326 777 tamen
343 729 460 794 ignores,
477 727 591 793 vulgique
607 744 689 777 errore
706 731 828 789 trahatis;
908 746 941 793 25

224 800 310 852 lunius
327 820 341 850 a
359 802 438 849 nostro
455 801 552 848 nomine
568 817 657 849 nornen
674 803 756 852 habet.

187 874 227 923 Est
243 874 333 939 aliquid
348 872 450 939 nupsisse
466 872 542 931 lovi,
561 872 629 923 Jovis
645 873 692 923 effe
709 876 824 925 sororem.

224 947 307 996 Fratre
322 946 417 1012 magis,
436 947 538 1003 dubito,
556 947 666 1013 glorier,
683 950 823 997 anne‘viro.

190 1019 216 1069 si
234 1036 311 1085 genus
328 1018 458 1084 aspicitur,
478 1020 606 1068 Saturnum
623 1018 695 1083 prima
710 1034 836 1086 parentem

223 1092 303 1142 Feci:
316 1092 413 1141 Saturni
430 1092 480 1141 sors
497 1109 545 1159 ego
561 1093 636 1156 prima
653 1092 696 1141 sui.
906 1106 941 1161 30

188 1163 211 1213 A
226 1177 297 1230 patre
315 1164 375 1213 disla
392 1181 448 1214 meo
463 1166 582 1230 quondam
600 1166 709 1215 Saturnia
725 1166 801 1217 Roma
818 1167 872 1227 esl3

222 1238 285 1287 Haec
301 1238 336 1286 illi
352 1255 366 1285 a
384 1240 448 1287 coelo
465 1239 573 1303 proxima
590 1251 655 1287 terra
672 1238 727 1289 suit.

188 1310 213 1361 si
227 1323 297 1360 torus
314 1311 341 1359 iu
356 1312 436 1376 pretio
456 1312 508 1370 esi,
523 1313 592 1361 dicor
605 1325 713 1361 matrona
728 1313 870 1371 Tonantis;

222 1383 357 1449 Junsiaque
372 1384 482 1450 Tarpejo
497 1384 549 1433 suut
563 1402 617 1433 mea
632 1387 721 1451 templa
736 1384 802 1437 lovi.

186 1456 226 1507 An
242 1458 323 1521 potuit
338 1455 408 1521 Majo
424 1458 507 1522 pellex
523 1458 579 1505 dare
595 1458 692 1506 uomina
708 1456 806 1507 mensi?
908 1472 922 1523 3
928 1474 940 1522 5

224 1530 270 1579 Hic
285 1531 365 1579 honor
380 1532 404 1578 in
419 1529 490 1579 nobis
504 1529 633 1577 invidiosus
648 1528 716 1578 erit?

189 1600 239 1651 Cur
253 1604 327 1670 igitur
341 1603 436 1669 Regina
452 1616 530 1650 vocor
545 1600 709 1667 Princepsque
724 1600 854 1652 Dearunr?
909 1638 912 1643 -

221 1678 304 1725 Aurea
319 1692 362 1725 eur
380 1676 474 1724 dextra
489 1673 584 1740 sceptra
601 1675 689 1724 dedere
706 1674 788 1725 meae?

186 1748 225 1797 An
241 1749 330 1799 saciant
343 1748 449 1798 mensem
466 1748 554 1806 luces,
572 1748 710 1815 Lucinaque
725 1750 822 1798 abillis

221 1821 322 1871 Dicar?
339 1822 365 1872 &
377 1839 395 1883 a
409 1821 478 1871 nullo
493 1820 588 1871 nomina
603 1822 682 1871 mense
698 1821 814 1875 traham?
905 1837 941 1886 40

187 1892 256 1943 Tunc
270 1912 310 1944 me
327 1895 446 1961 poeniteat
461 1893 564 1960 posuisse
580 1893 687 1944 fideliter
703 1894 750 1945 iras

162 1978 173 2001 ⁸
221 1968 340 2034 ingenus
356 1967 476 2026 Eleslrae‚
495 1967 690 2033 Dardaniamque
706 1968 813 2016 domum.

186 2038 260 2089 Causa
277 2041 369 2107 duplex
383 2042 425 2090 irae
438 2056 447 2089 ε
461 2052 533 2105 rapto
550 2040 695 2107 Ganymede
713 2040 824 2089 dolebam
833 2056 846 2098 ς,
907 2074 911 2081 ·

219 2114 305 2162 forma
318 2129 435 2179 quoque,
451 2113 519 2162 Idaeo
535 2111 635 2177 judice,
653 2113 714 2161 vista
730 2127 783 2162 mea
800 2112 843 2163 est.

185 2182 325 2244 Ponitur,
343 2186 408 2252 quod
425 2188 480 2235 non'
491 2185 567 2235 foveo
583 2184 734 2252 Carthaginis
751 2200 840 2243 arces;
905 2201 938 2249 45

222 2256 284 2308 Cum
300 2275 356 2307 mea
370 2259 419 2308 sint
434 2259 477 2309 illo
494 2274 579 2307 currus
596 2258 621 2308 δι
638 2274 702 2308 arma
718 2260 785 2309 loco.

184 2328 303 2381 Poeniteat
320 2332 443 2396 Sparten,
458 2331 608 2400 Argisque,
624 2344 751 2399 measque
748 2332 910 2409 Mycenas,

220 2404 252 2453 Et
267 2416 379 2453 veterem
397 2404 467 2455 Latio
483 2404 627 2470 supposuisse
643 2404 741 2455 Samon.
809 2430 814 2437 ¹

184 2474 254 2525 Adde
272 2477 353 2527 senem
369 2478 486 2537 Tatium,
504 2477 709 2544 Iunonicolasque
725 2476 851 2537 Faliscos,
948 2518 951 2523 .

221 2548 295 2613 Quos
311 2567 358 2619 ego
372 2551 487 2601 Romanis
503 2552 648 2602 succubuisse
664 2552 719 2603 tuli.
837 2588 841 2595 -
906 2566 939 2613 50

184 2620 231 2670 Sed
246 2640 328 2688 neque
342 2625 461 2691 poeniteat
474 2640 482 2674 a
496 2640 543 2673 nec
559 2641 619 2691 gens
635 2624 692 2673 mihi
708 2626 788 2675 rarior
802 2626 851 2676 ulla
867 2622 911 2675 eu.

219 2694 269 2746 Hic
286 2699 372 2754 colar,
388 2696 429 2747 hle
444 2709 541 2747 teneam
558 2714 612 2747 cum
627 2696 691 2747 love
705 2700 795 2765 templa
811 2714 876 2747 meo.

184 2766 236 2831 lpse
251 2770 311 2817 milri
325 2769 448 2829 Mavors,
464 2770 615 2821 Commendo
630 2772 736 2830 moenia,
753 2772 834 2829 dixit,

220 2840 283 2891 Haec
298 2842 343 2891 tibi
355 2859 363 2893 τ
377 2856 405 2893 tu
420 2844 517 2909 pollens
531 2842 599 2894 Urbe
617 2845 716 2911 nepotis
731 2844 789 2893 eris.

183 2911 255 2961 Disla
269 2913 331 2965 fides
347 2916 474 2983 sequitur:
489 2930 584 2973 centum
600 2918 750 2969 celebramur
764 2916 789 2964 in
804 2914 873 2973 aria5
907 2930 918 2978 5
926 2929 937 2977 5

220 2988 276 3036 Nec
291 2988 369 3038 levior
383 2992 470 3056 quovis
481 2985 516 3039 en
529 2990 590 3040 mihi
600 2990 689 3040 mensis
706 2990 795 3037 honor.

183 3059 238 3109 Nec
249 3065 333 3110 tamen
348 3062 413 3112 hunc
429 3064 498 3114 nobis
510 3064 676 3113 tantummodo
692 3060 787 3127 praestat
802 3058 922 3113 honorem

217 3132 296 3184 Roma
313 3134 463 3189 :strbuthani
475 3136 534 3188 dant
547 3135 605 3187 milri
620 3150 705 3192 munus
719 3134 798 3186 iden.
871 3156 879 3177 ·.
