2367 3942
228 647 372 718 Emer.
397 587 464 716 rr*
478 652 623 716 Porro
649 645 689 716 L.
714 648 786 718 IV.
814 649 889 742 367

181 767 262 833 Quam
271 780 313 818 toa
323 764 447 815 Trinacria
456 763 504 824 est,
514 777 662 834 regnataque
672 777 736 815 terra
748 765 858 836 Philippo
870 801 878 827 ,
901 783 929 829 15

212 840 299 906 'Quam
315 840 400 889 domus
413 837 521 904 Augusto
540 840 680 889 continuata
693 839 757 889 Foro
769 857 778 898 ς

181 911 262 977 Qudne
276 926 318 962 tua
329 944 338 971 ,
351 928 392 960 tus
403 911 478 961 oculis
491 912 601 970 domini,
616 909 766 978 Campania,
781 926 874 981 gqatum
887 948 895 973 ,

219 985 329 1052 Quaeque
341 983 423 1034 relicta
436 984 500 1042 tibi,
519 985 595 1034 Sexte
606 1011 618 1043 ,·
634 986 676 1035 vel
692 997 756 1034 emta
770 997 839 1037 tenes
854 1004 862 1037 τ

180 1057 314 1110 Tamtuus
330 1075 360 1106 en
376 1073 424 1124 ego
440 1055 509 1109 sum:
527 1056 596 1122 cujus
611 1069 637 1107 te
654 1074 752 1107 munere
768 1059 826 1108 tristi

218 1132 275 1180 Non
291 1143 362 1196 potes
377 1132 402 1180 in
418 1129 497 1180 Ponto
515 1130 597 1180 dicere
613 1130 702 1180 habere
719 1131 788 1181 nihil.
900 1148 933 1182 20

181 1203 263 1268 Atque
279 1204 368 1253 utinam
382 1203 461 1268 possis
474 1203 481 1252 i
496 1204 522 1255 δι
537 1203 609 1253 detur
623 1203 721 1253 amicius
732 1221 820 1254 arvum
834 1203 841 1254 Ξ

216 1275 325 1342 Remque
341 1288 407 1326 tuam
422 1293 499 1343 ponas
515 1277 540 1325 in
555 1276 657 1326 meliore
674 1277 751 1326 loco!
838 1270 841 1277 ’

182 1348 258 1412 Quod
273 1349 384 1416 quoniam
397 1349 421 1399 in
436 1349 484 1400 Dis
502 1349 553 1408 est,
569 1362 639 1400 tenta
654 1350 730 1399 lenire
747 1349 868 1417 precando

188 1475 192 1480 ¹
218 1422 337 1480 Numina,
356 1423 474 1489 perpetui
490 1439 543 1488 quae
559 1424 651 1488 pietate
668 1423 736 1473 colis.

181 1492 275 1543 Emotis
292 1512 345 1544 nam
361 1508 408 1554 tu,
426 1497 468 1545 vix
482 1494 516 1544 est
534 1495 687 1555 decernere,
707 1494 780 1545 nostri
900 1509 931 1556 25

218 1566 254 1617 Sis
271 1579 436 1635 argumentum
450 1566 546 1633 majus,
562 1585 593 1617 an
610 1568 732 1619 auxilium.

181 1640 236 1689 Nec
252 1639 362 1689 dubitans
379 1656 425 1689 oro
439 1655 447 1690 t
462 1640 503 1690 sed
518 1640 615 1690 flumine
631 1641 692 1707 saepe
711 1640 817 1690 secundo

219 1711 330 1779 Augetur
344 1713 417 1762 remis
433 1713 513 1762 cursus
530 1714 609 1763 euntis
626 1731 704 1780 aquae.

181 1784 213 1834 Et
224 1786 300 1849 pudet
312 1817 320 1842 ,
340 1785 366 1836 δι
377 1797 460 1836 metuo
471 1819 479 1844 ,
497 1785 637 1853 semperque
648 1787 780 1850 eademque
792 1783 885 1850 precari
898 1801 905 1840 ;

217 1857 257 1905 Ne
272 1856 371 1907 subeant
385 1858 465 1908 animo
481 1859 552 1907 taedia
567 1858 627 1924 justa
644 1871 697 1910 tuo.
899 1871 933 1920 30

180 1926 277 1978 Verdm
293 1929 350 1994 quid
365 1929 470 1980 faciam?
488 1947 527 1980 res
542 1931 698 1982 immoderata
713 1930 801 1997 cupido
817 1929 859 1980 est.

219 2001 260 2050 Da
274 2001 368 2052 veniam
381 2002 458 2062 vitio,
478 2004 540 2053 mitis
557 2005 651 2063 amice,
669 2020 735 2055 meo.

179 2073 291 2125 Scribere
305 2075 368 2141 saepe
384 2076 448 2124 aliud
465 2077 563 2141 cupiens
579 2078 679 2127 delabor
693 2078 803 2129 eddem:

219 2147 269 2210 Ipsa
284 2150 365 2197 locum
381 2165 425 2212 per
441 2149 465 2196 se
482 2149 552 2196 litera
569 2150 646 2197 nostru
663 2162 741 2215 rogat.

181 2217 230 2268 Seu
243 2231 324 2268 tamen
338 2219 436 2268 effeetus
450 2218 561 2266 habitura
576 2218 610 2266 est
626 2221 719 2284 gratia,
740 2221 780 2268 seu
796 2237 835 2269 me
899 2234 932 2285 35

218 2291 287 2340 Dura
303 2289 373 2358 jubet
389 2289 469 2356 gelido
483 2288 557 2339 Parca
574 2289 674 2341 subare
689 2291 769 2339 mori:

181 2363 281 2429 Semper
295 2362 397 2413 inoblita
411 2374 518 2428 repetam
534 2375 574 2411 tua
591 2378 689 2411 munera
705 2375 807 2424 mente,

218 2437 249 2485 Et
264 2453 318 2487 mea
332 2452 371 2486 me
386 2434 459 2484 tellus
474 2435 558 2484 audiet
574 2433 622 2485 esse
639 2446 717 2484 tuum.

180 2507 271 2560 Audiet
287 2510 313 2560 ὅ(
329 2510 393 2561 coelo
409 2508 487 2574 posita
504 2507 538 2557 est
555 2525 712 2574 quaecumque
730 2508 772 2557 sub
788 2509 852 2569 illo,

217 2582 316 2633 Transit
331 2582 408 2632 nostra
424 2581 489 2631 seros
505 2581 525 2630 si
542 2579 615 2631 modd
633 2580 703 2630 Musa
718 2580 806 2633 Getas.
897 2598 933 2646 40

180 2653 267 2718 Teque
284 2673 344 2706 meae
357 2654 451 2711 ,causam
467 2654 662 2721 servatoremque
680 2654 779 2714 salutis,

216 2727 310 2797 Meque
326 2742 392 2782 tuum
408 2727 468 2778 libra
484 2727 550 2778 norit
565 2727 590 2778 δι
606 2743 654 2778 aere
669 2727 757 2779 minus.

420 2935 711 3244 &ququ

778 3380 841 3446 Qie

918 3495 936 3543 k
