2367 3942
290 419 364 513 380
387 418 429 487 P.
458 418 653 491 Ονιιιιι
678 418 904 490 Nasonis

288 542 342 590 Nec
359 540 403 590 tibi
418 541 545 607 contingat
560 538 671 589 matrona
685 536 875 613 pudiciorjlll,

234 626 239 667 ἰ
248 626 280 672 50
329 612 386 676 Qui
402 614 482 678 potuit
497 612 600 680 Tydeus
615 610 733 661 erubuilie
749 628 822 661 nuru.

289 683 400 752 Quaque
416 686 450 737 lui
466 688 592 739 Venerem
609 683 686 748 junxit
700 700 754 735 naar
768 684 844 733 iratae
857 683 961 744 miti,

324 758 409 809 Locris
426 759 450 808 in
468 760 560 808 ancille
576 756 723 807 dissimulata
737 772 834 806 necem.

287 829 321 883 Di
338 848 434 898 quoque
450 844 498 881 tam
515 832 603 881 iaciant
615 830 695 894 possis
711 829 818 895 gaudere
833 827 902 880 fideli

323 903 454 971 Conjuge,
471 922 540 971 quarn
557 902 628 952 Talai
639 901 813 968 Tyndareique
829 901 924 967 gener!

230 990 240 1038 3
247 990 278 1041 55
294 975 424 1043 Quaeque,
441 993 524 1045 parare
541 976 586 1025 suis
603 977 679 1025 letum
692 974 840 1041 patruelibus
854 976 940 1033 aule,

322 1050 438 1110 Belides,
457 1050 551 1101 assidui
566 1049 632 1099 eolla
648 1060 789 1113 premurmu
805 1046 878 1112 aquit.

171 1156 179 1169 .
286 1123 402 1191 Byblidos
419 1124 446 1175 dt
462 1122 591 1176 Canaces,
610 1121 674 1171 sicut
689 1120 768 1178 lacit,
784 1120 869 1170 ardeat
883 1119 941 1187 igne
954 1136 963 1173 a

323 1198 397 1255 Nec,
415 1196 461 1247 nisi
477 1212 521 1262 per
537 1196 648 1251 crimen,
664 1193 698 1243 sit
711 1191 756 1243 tibi
770 1204 829 1242 nota
845 1192 925 1243 soror.

286 1270 345 1321 Pilia
360 1270 493 1325 siluerit,
510 1270 541 1319 sit
557 1267 624 1334 quod
640 1264 746 1331 Pelopia
762 1264 896 1333 Thyeste,

225 1342 276 1407 360
325 1342 427 1410 Myrrha
443 1343 485 1393 suo
501 1342 583 1407 patri,
603 1339 796 1405 Nyliimeneque
811 1337 864 1387 suo.

286 1416 356 1465 Neve
371 1416 446 1482 magis
461 1414 500 1479 pia
515 1415 565 1470 sit,
582 1412 702 1477 capitique
720 1410 827 1475 parentis
839 1410 936 1468 amica,

323 1487 402 1552 Quint
418 1488 462 1537 tibi
475 1488 539 1545 vel,
557 1484 672 1541 Pterela,
687 1485 729 1533 vel
745 1482 809 1539 tibi,
825 1484 902 1541 Nise,
921 1484 978 1534 fuit.

288 1561 451 1627 infamemque
468 1562 549 1609 locum
565 1557 663 1609 sceleris
679 1572 733 1621 que
746 1556 845 1606 nomine
860 1556 941 1613 iecit,

322 1631 415 1683 Pressit
432 1634 458 1684 dt
473 1632 574 1683 indubiis
590 1631 696 1702 membra
709 1641 810 1694 paterna
823 1630 896 1679 rotis.

227 1706 275 1770 365
287 1706 325 1757 Ut
340 1704 462 1769 juvenes,
479 1720 565 1771 pereas
579 1738 587 1761 .
608 1718 712 1769 quom
725 1700 817 1768 fastigia
831 1702 915 1751 vultus

324 1778 390 1829 Olim
405 1778 479 1827 Piseae
496 1777 624 1827 stallinuere
640 1775 709 1825 foris.

288 1852 323 1901 Ut
341 1850 380 1915 qui
396 1848 514 1915 perfusam
531 1848 672 1897 miserorum
689 1846 752 1912 saepe
768 1856 918 1911 procorum,

323 1922 376 1988 lpse
392 1922 433 1973 suo
450 1919 534 1971 melicis
550 1920 665 1987 sanguine
678 1918 750 1970 finxit
766 1920 876 1971 humum.

286 1994 400 2046 Proditor
415 2008 443 2045 ut
457 1995 512 2046 saevi
528 1995 600 2060 periit
614 1992 696 2059 auriga
711 1991 828 2059 tyranni,

228 2082 279 2132 370
327 2068 378 2132 Qui
393 2085 456 2119 nova
472 2068 580 2135 Myrtoae
595 2066 691 2115 nomina
706 2065 768 2115 lecit
782 2080 860 2128 aque.

290 2142 325 2191 Ut
340 2142 381 2207 qui
396 2142 508 2191 velocem
522 2138 605 2189 frustra
622 2137 717 2203 petiere
731 2138 855 2203 pueliam,

323 2214 390 2264 Dum
408 2224 477 2278 capta
494 2212 527 2261 est
542 2211 620 2277 pomis
636 2210 728 2259 tardior
744 2211 785 2259 illa
799 2210 888 2261 tribus.

286 2286 322 2337 Ut
338 2287 379 2354 qui
395 2286 459 2337 tella
475 2285 534 2335 novi
549 2285 649 2334 formam
662 2283 764 2333 celantia
780 2280 877 2331 monstri

321 2360 443 2409 intrarunt
458 2374 530 2407 eaecae
547 2374 597 2407 non
614 2355 737 2406 redeunda
754 2354 849 2405 dornds.

195 2434 196 2439 ’
223 2444 255 2495 37
261 2445 272 2493 5
287 2430 322 2479 Ut
339 2448 440 2496 quorum
456 2430 570 2481 AEacides
586 2430 652 2479 misit
664 2428 789 2479 violentus
802 2428 910 2478 inaltus

321 2503 431 2568 Corpora
447 2519 501 2551 cum
517 2502 579 2550 senis
593 2503 670 2550 altera
685 2500 740 2550 sena
756 2516 843 2567 rogos.

284 2577 319 2625 Ut
335 2591 414 2641 quos,
433 2574 526 2625 obscuri
542 2573 606 2625 lusos
622 2573 758 2640 ambagibus
773 2574 843 2630 oris,

321 2648 434 2715 Legimus
449 2646 553 2697 infandae
566 2646 673 2713 Sphinga
689 2646 777 2697 dedili'e
795 2646 859 2695 neci.

286 2721 323 2769 Ut
339 2721 378 2785 qui
392 2720 500 2769 billoniae
515 2722 608 2786 templo
624 2719 736 2769 cecidere
753 2718 892 2768 Minervae:

226 2792 276 2855 380
325 2792 429 2858 Propter
439 2792 504 2859 quod
515 2791 588 2843 iacies
598 2808 662 2841 nunc
672 2808 769 2857 quoque
779 2789 844 2841 testa
853 2790 917 2843 Dee
928 2790 971 2841 eu.

286 2864 321 2917 Ut
337 2867 377 2931 qui
389 2865 500 2916 Threicii
515 2865 635 2931 quondam
651 2863 766 2928 praesepia
782 2862 847 2930 regis

323 2938 445 2989 fecerunt
461 2938 561 3005 dapibus
577 2934 757 3003 bugumolmn
773 2936 829 2988 luis.

285 3010 510 3061 Therodamanteos
526 3021 553 3059 ut
570 3009 611 3074 qui
628 3009 718 3074 pavere
732 3011 835 3066 leones,

323 3082 422 3150 Quique
439 3082 575 3133 Thoanteae
587 3082 692 3133 Taurica
709 3082 773 3135 satra
788 3083 850 3133 dee.
