2367 3942
308 444 383 521 352
426 424 468 494 P.
497 424 694 496 Orrnrr
718 427 947 501 Nasonis

307 545 341 596 Di
358 544 402 595 tibi
415 545 469 597 sunt
485 545 564 596 Caeser
580 544 676 612 juvenis
691 564 699 612 ς
715 561 757 597 tua
771 547 865 599 numina
881 552 963 614 placa.
991 600 995 605 ,

343 618 396 669 Hac
412 617 480 670 certi
495 620 562 669 nulla
577 619 610 670 est
626 619 709 669 notior
723 637 764 669 ara
779 622 834 671 tibi.

263 706 278 743 2
284 705 295 755 5
310 692 367 743 Non
383 692 441 743 sinit
455 692 496 742 illa
512 692 546 742 sui
561 707 634 743 vanas
647 692 756 743 antistitis
772 710 884 759 umquam
991 730 995 749 2

344 764 397 815 Esse
412 781 497 830 preces
509 781 518 815 r
529 764 613 815 nostris
630 766 685 816 hinc
700 778 757 832 pete
773 768 845 817 rebus
862 784 948 833 opem·

306 835 446 901 Quamlibet
461 838 548 905 exigui
564 838 584 887 si
600 854 648 888 nos
662 856 690 888 ea
705 839 795 905 juverit
811 840 888 897 auri,

343 910 438 961 Obruta
457 912 487 960 de
502 911 587 961 mediis
603 912 688 979 cymba
704 910 812 978 resurget
828 913 908 979 aquis.

305 980 377 1033 Tunc
395 1001 442 1051 ego
458 996 512 1034 tura
529 984 605 1033 seram
620 985 708 1051 rapidis
726 984 848 1035 sollemnia
862 986 988 1045 flammise

261 1067 296 1119 30
343 1056 375 1107 Et
386 1089 393 1115 ,
404 1058 507 1109 ¹valeant
522 1068 636 1123 quantum
649 1058 765 1116 numina,
782 1057 847 1109 testis
862 1074 919 1111 ero.

305 1128 358 1179 Nec
374 1130 418 1179 tibi
433 1131 463 1179 de
479 1128 549 1179 Pario
565 1130 680 1188 statuam,
697 1128 863 1188 Germanice,
880 1134 998 1199 templum

341 1202 485 1253 Marmore:
499 1202 587 1267 carpsit
604 1218 663 1268 opes
679 1202 720 1252 illa
737 1203 805 1252 ruina
820 1220 896 1254 meas.

304 1275 405 1341 Templa
421 1277 506 1327 domus
521 1276 588 1326 vobis
605 1276 694 1329 saciant
707 1277 826 1341 urbesque
845 1278 945 1330 beata:

342 1349 405 1399 Naso
423 1348 468 1399 suis
484 1348 590 1414 opibus,
609 1349 733 1406 carmine,
750 1342 831 1416 gratiis
848 1343 906 1400 erit.

263 1432 275 1485 3
283 1435 294 1483 5
308 1419 383 1472 Parva
397 1423 492 1489 quidem
507 1422 585 1471 fateor
601 1439 646 1488 pro
662 1420 753 1489 magnis
768 1438 869 1471 munera
882 1422 972 1483 reddi,

344 1493 405 1545 Cdm
421 1512 466 1561 pro
483 1494 598 1545 concessi
612 1497 686 1545 verba
704 1495 779 1545 salute
794 1496 887 1545 damus.

305 1566 354 1619 Sed
363 1569 412 1633 qui,
423 1571 492 1635 quim
501 1567 589 1635 potuit,
599 1569 641 1618 dat
648 1568 760 1625 maxima,
766 1580 850 1634 gratus
855 1568 953 1618 abunde
963 1567 996 1619 ed
1005 1584 1015 1626 3

341 1642 373 1691 Et
389 1641 460 1693 finem
474 1642 551 1707 pietas
568 1642 671 1708 contigit
686 1642 727 1690 illa
742 1640 819 1690 suum.

305 1713 379 1772 Nec,
398 1732 451 1781 quae
469 1716 499 1765 de
515 1730 591 1779 parva
605 1712 652 1763 Dis
668 1730 760 1780 pauper
775 1714 835 1763 libas
849 1713 954 1771 acenti,

261 1802 296 1848 40
343 1787 409 1835 Tura
426 1784 520 1844 minsis,
538 1786 623 1853 grandi
637 1790 709 1853 quita
724 1787 780 1836 data
796 1788 887 1845 lance,
904 1788 997 1836 valent.

305 1858 422 1925 lignaque
434 1892 442 1917 ,
456 1872 505 1908 tam
515 1858 800 1925 lestens'qudmgramine
809 1858 875 1926 palla
885 1859 978 1910 Falisco
988 1892 997 1918 ,

342 1932 445 1986 Victima
462 1930 582 1999 Tarpeios
599 1930 676 1982 inficit
690 1930 737 1982 lua
752 1932 838 1983 socos.

227 2008 232 2017 '
305 2005 359 2056 Nec
377 2018 476 2065 tamen,
496 2004 577 2057 officio
593 2017 676 2056 vatum
690 2020 734 2071 per
749 2006 853 2055 carmina
866 2004 951 2066 fauo,

341 2078 491 2145 Principibus
506 2096 546 2131 res
563 2078 597 2129 eil
613 2078 704 2145 gratior
720 2080 769 2129 ulla
783 2079 850 2129 viris.

260 2164 293 2214 45
310 2152 421 2203 Carmina
434 2150 562 2204 vestrarum
575 2162 693 2219 peragunt
706 2151 827 2216 praeconia
842 2150 964 2210 laudum
982 2158 989 2166 '

341 2228 412 2276 Neve
428 2228 461 2275 sit
474 2226 580 2277 allorum
596 2225 659 2273 sama
672 2226 764 2275 caduca
773 2235 896 2283 „carent-

287 2310 290 2337 2
306 2298 418 2351 Carmine
432 2298 459 2349 fit
471 2298 544 2349 vivax
558 2298 655 2356 vittus5
673 2309 809 2364 expersque
821 2295 947 2363 sepulcri,

343 2373 460 2423 Notitiam
476 2372 538 2422 sere
549 2370 694 2437 posteritatis
712 2371 796 2422 habet.

306 2445 399 2495 Tabida
416 2444 533 2495 consumit
548 2444 638 2493 serrum
654 2444 804 2509 lapidemque
817 2442 942 2500 serulae,

263 2531 296 2579 50
342 2518 462 2583 Nullaque
477 2532 517 2566 res
531 2514 608 2581 majus
622 2528 739 2582 tempore·
750 2518 825 2566 robur
839 2516 924 2574 habet.

298 2591 399 2656 'Scripta
409 2590 490 2641 ferunt
500 2606 575 2641 annos
587 2604 596 2641 c
611 2589 704 2655 scriptis
716 2589 896 2657 Agamemnona
905 2586 966 2638 nosti
978 2602 989 2645 ς

341 2664 373 2713 Et
403 2664 492 2730 uisquis
508 2675 611 2719 contra,
627 2665 671 2713 vel
685 2664 772 2721 simul,
788 2677 853 2713 arma
867 2662 933 2711 tulit.

304 2734 368 2800 Quis
402 2737 476 2787 hebas
487 2736 627 2804 septemque
638 2737 724 2786 Duces
734 2736 786 2785 sine
797 2735 903 2785 carmine
913 2732 992 2789 nollet
1004 2730 1017 2782 ἓ

341 2810 372 2859 Et
389 2809 500 2877 quicquid
515 2810 567 2875 posi
582 2811 653 2866 haic,
671 2807 784 2874 quicquid
798 2806 825 2857 δι
841 2820 899 2858 ante
915 2804 987 2855 suit?
1082 2803 1083 2852 i

260 2896 291 2948 55
304 2882 342 2933 Di
355 2898 451 2950 quoque
467 2883 627 2938 carminibus,
645 2882 667 2931 si
679 2882 715 2931 sas
730 2878 764 2931 est
778 2879 881 2940 dicere,
895 2876 958 2931 suunt
969 2894 991 2930 a*

339 2954 467 3021 Tantaque
486 2954 592 3019 majestas
606 2970 650 3003 ore
667 2952 774 3003 canentis
790 2965 858 3020 eget.

304 3028 346 3081 sic
360 3028 459 3085 Chaos,
477 3044 507 3075 ex
522 3028 562 3078 illa
577 3039 667 3077 naturae
682 3027 746 3077 mole
760 3025 868 3091 prioris,

339 3100 464 3170 Digellura
479 3112 561 3167 partes
578 3099 667 3153 scimus
679 3100 769 3155 hebere
784 3098 860 3151 suast
