2367 3942
281 467 354 540 170
405 444 448 513 P.
476 443 667 511 Orrnrr
695 444 923 529 Nasonis
1013 540 1026 571 ‚

250 574 985 647 nmssffssss»

417 693 673 757 ELEGIA
728 694 804 756 1v.

256 787 322 910 Ο
336 852 343 903 !
355 868 427 905 terrm
438 852 491 920 post
499 854 563 904 ullos
569 870 701 920 numquam
711 854 867 905 memorande
879 853 986 916 sodales,

316 927 341 977 O
358 928 364 976 l
381 928 419 977 cui
436 926 557 994 praecipui
574 926 624 977 sors
641 944 694 977 mea
710 927 759 977 visa
777 926 817 977 sua
833 926 887 986 est;
1000 936 1006 941 '

277 1000 417 1051 Attonitum
432 1001 473 1066 qui
489 1017 546 1059 me,
564 1000 684 1059 memini,
702 1000 845 1059 carissime,
862 1001 952 1067 primus

314 1072 393 1123 Ausus
409 1088 436 1123 es
455 1073 563 1140 alloquio
582 1072 710 1123 sullinuiffe
727 1086 772 1123 tuo
788 1088 796 1125 a

254 1164 266 1213 5
281 1145 332 1211 Qui
349 1146 407 1196 mihi
421 1147 550 1196 consilium
563 1146 662 1197 vivendi
679 1146 737 1196 mite
755 1145 861 1206 dedisti,

315 1218 377 1269 cum
395 1219 460 1270 foret
474 1219 500 1269 in
513 1218 599 1270 misero
617 1219 716 1286 pedore
728 1220 814 1269 mortis
828 1234 915 1271 amor:

277 1293 331 1344 Scis
341 1294 404 1343 bene
416 1324 425 1350 ,
443 1293 482 1343 cui
494 1293 571 1343 dicam
583 1323 591 1350 ,
606 1293 690 1359 positis
701 1308 746 1358 pro
757 1291 853 1341 nomine
865 1292 959 1359 signis,

316 1364 432 1416 Officium
446 1382 492 1415 nec
509 1378 536 1415 te
553 1366 634 1426 fallit,
652 1366 748 1423 amice,
765 1376 842 1415 tunm.

277 1439 338 1489 Haec
357 1439 416 1489 mihi
433 1437 525 1504 semper
544 1452 617 1489 erunt
635 1439 687 1488 imis
704 1436 776 1487 infixe
794 1438 925 1497 medullis,

236 1529 268 1563 10
316 1511 499 1578 Perpetuusque
515 1512 601 1563 anima
617 1513 712 1562 debitor
727 1508 798 1576 hujus
815 1527 869 1561 ero.

277 1584 380 1651 Spiritus
397 1585 423 1635 δι
437 1601 527 1635 vacuas
543 1584 610 1650 priuis
627 1586 667 1635 hic
682 1584 817 1634 tenuandus
832 1584 856 1633 in
873 1600 942 1633 auras

258 1666 262 1672 ’
314 1657 380 1715 lbit,
400 1657 426 1706 δι
443 1659 469 1707 in
484 1657 570 1723 tepido
587 1658 682 1708 deseret
697 1655 744 1706 olla
761 1672 842 1723 rogo:

266 1728 356 1794 ,Qndm
374 1728 473 1778 subeant
487 1730 569 1778 animo
585 1730 726 1779 meritorum
743 1730 832 1779 oblivia
847 1727 927 1781 nossro
942 1762 949 1787 ,

314 1802 345 1851 Et
362 1801 436 1866 longi
449 1801 528 1865 ‘pietas
543 1801 641 1850 excidat
657 1801 698 1849 ilia
714 1800 762 1851 die.

235 1890 264 1938 ¹5
278 1871 312 1923 Di
327 1872 372 1922 tibi
385 1873 434 1923 sint
447 1872 551 1931 faciles,
571 1873 598 1923 δι
612 1873 663 1937 opis
680 1873 769 1927 nullius
786 1885 900 1939 egentem

313 1938 444 1996 Fortunam
462 1944 590 2012 praestent,
607 1944 791 2010 dissimilemque
807 1962 878 1997 meae.

277 2020 302 2070 Si
318 2031 400 2069 tamen
417 2020 470 2069 haec
487 2019 554 2069 navis
568 2030 645 2069 vento
660 2019 765 2069 ferretur
781 2017 878 2077 amico,

314 2092 471 2159 ignoraretur
486 2088 589 2143 fo'rsitan
607 2090 648 2142 ilia
664 2090 733 2141 fides.
945 2148 949 2155 ,

276 2165 510 2217 Thelea'Pirithous
529 2182 579 2215 non
595 2178 644 2215 tam
661 2163 765 2215 sensillet
781 2163 902 2222 amicum,

195 2266 199 2275 ·
235 2253 269 2289 20
316 2239 342 2288 Si
358 2256 408 2289 non
421 2240 526 2288 infernas
543 2240 612 2287 vivus
629 2236 711 2287 adillet
725 2253 808 2302 aquas.

277 2311 314 2361 Ut
329 2311 395 2361 foret
412 2312 549 2377 exemplum
565 2310 618 2359 reri
639 2308 749 2360 Phocdus
766 2310 872 2369 amotis,

314 2384 435 2434 Fecerunt
452 2384 551 2441 Furia,
568 2382 639 2433 tristis
654 2380 762 2441 Oresta,
783 2396 842 2433 tuae.

277 2456 305 2506 Si
322 2472 371 2506 non
389 2456 507 2523 Euryalus
524 2455 628 2505 Rutulos
644 2454 766 2505 cecidisset
781 2456 806 2505 in
821 2453 919 2513 hostes,

315 2526 455 2595 Hyrtacidae
473 2528 532 2577 Niso
547 2528 624 2594 gloria
643 2529 708 2578 nulla
722 2528 796 2579 foret.

234 2615 267 2665 25
280 2602 379 2652 Scilicet
395 2612 422 2649 ut
436 2601 528 2650 fulvum
544 2600 662 2665 speciatur
678 2602 702 2651 in
720 2602 813 2669 ignibus
828 2617 930 2658 aurum,

314 2673 437 2738 Tempore
455 2674 490 2723 sic
506 2674 567 2725 duro
583 2673 618 2723 eli
636 2674 779 2739 inspicienda
795 2673 865 2724 fides.

277 2748 343 2798 Dum
355 2745 441 2811 juvat,
459 2747 486 2799 dc
502 2749 572 2796 vultu
586 2748 651 2816 'ridet
668 2748 774 2797 Fortuna
791 2747 898 2805 sereno,

292 2880 295 2885 ,
314 2820 459 2870 indelibatas
477 2819 561 2869 cundia
576 2820 708 2885 sequuntur
724 2835 794 2886 opes.

277 2894 312 2943 At
327 2893 397 2943 simul
411 2893 534 2950 intonuit,
552 2892 647 2959 fugiunt
662 2909 669 2943 ε
685 2908 731 2942 nec
748 2893 855 2961 noscitur
867 2891 931 2951 ulli,

234 2980 268 3032 30
316 2966 457 3033 Agminibus
472 2966 586 3016 comitum
604 2965 643 3031 qui
657 2962 729 3023 modd
745 2964 835 3017 cinl'lus
850 2979 912 3017 etat.

235 3072 240 3080 ι
276 3041 359 3104 Atque
372 3039 425 3089 haec
439 3039 554 3104 exemplis
571 3038 691 3103 quondam
709 3039 809 3091 colledia
823 3040 948 3105 priorum,
998 3100 1000 3105 Α

313 3114 384 3165 Nunc
401 3112 458 3163 mihi
476 3113 529 3163 sunt
545 3113 648 3179 propriis
666 3113 762 3182 cognita
779 3129 837 3167 vera
853 3112 930 3163 malis.
