2367 3942
275 469 278 474 Ι
315 394 367 467 90
416 374 458 443 P.
486 372 674 444 Omrr
703 374 932 445 Nasorrrs

317 496 386 547 Vere
401 508 486 545 monet
500 511 585 545 curvas
602 506 709 545 matema
722 510 767 559 per
780 509 878 559 aequora
892 512 981 563 puppes

356 568 395 617 Ire
410 601 418 627 .
435 586 481 619 nec
496 569 608 619 hibernas
622 566 670 634 jam
685 564 788 617 timuiffe
804 567 889 617 minas.

318 638 375 691 Rite
390 641 470 693 Deam
484 642 559 693 Latiae
576 642 657 692 colitis
669 652 808 706 matresque
822 656 965 707 nurusque3

355 714 387 764 Et
405 732 469 775 ros,
484 715 536 782 quis
552 714 621 766 vittae
637 716 758 781 longaque
772 712 845 763 vestis
861 714 936 764 abest.

262 797 308 851 ¹35
321 786 404 838 Aurea
418 806 554 841 marmoreo
570 789 710 839 redimicula
724 787 811 837 solvite
825 788 914 846 colio;

354 862 454 913 Demite
470 862 583 913 divitias:
597 874 650 913 rota
664 860 765 911 lavanda
779 860 835 909 Dea
851 860 894 911 est.

318 933 400 986 Aurea
415 938 506 988 siccato
520 936 661 987 redimicula
677 934 772 985 reddite
786 935 852 983 collo
866 950 876 994 ς

354 1010 427 1059 Nunc
441 1011 482 1061 alii
497 1010 589 1069 flores,
607 1023 750 1059 nuncnova
766 1007 843 1057 danda
859 1006 913 1057 rosa
928 1006 969 1063 ιθ.

318 1080 373 1133 Vos
388 1100 486 1151 quoque
501 1082 542 1135 sub
556 1084 628 1134 viridi
638 1094 719 1150 myrto
734 1080 804 1147 jubet
818 1081 860 1129 iila
873 1082 966 1139 lavari;

260 1166 308 1211 140
357 1155 500 1224 Causaque,
521 1174 564 1208 cur
577 1155 680 1222 jubeat,
696 1155 799 1214 discite,
820 1165 888 1206 certa
905 1153 988 1206 subet.
1067 1172 1069 1178 ·

317 1228 403 1281 Litore
420 1232 527 1282 siccabat
542 1241 654 1281 rorantes
669 1229 733 1279 nuda
751 1228 862 1295 capillos.

355 1304 476 1355 Viderunt
492 1304 593 1372 Satyri,
610 1304 680 1353 rurba
696 1313 829 1369 proterva,
847 1301 938 1351 Deam.

319 1374 421 1435 Sensit,
438 1377 464 1429 δι
479 1377 589 1444 appositi
604 1376 666 1427 texit
683 1375 724 1425 sua
740 1392 841 1442 corpora
857 1389 949 1442 myrto.

355 1450 422 1500 Tuta
436 1452 483 1503 fuit
499 1450 563 1502 fabio
575 1468 583 1502 a
594 1466 689 1517 vosque
704 1449 797 1501 referre
814 1447 892 1513 jubet.

259 1530 305 1581 145
320 1524 413 1574 Discite
430 1543 513 1584 nunc,
530 1542 605 1592 quare
621 1525 735 1582 Fortunae
751 1536 806 1572 tura
819 1521 894 1572 Virili

355 1597 428 1647 Detis
444 1616 498 1657 eo,
516 1600 591 1648 calida
609 1599 650 1663 qui
665 1599 734 1648 locus
749 1598 833 1645 humet
848 1610 920 1661 aqua.

318 1668 417 1736 Accipit
432 1670 473 1721 ille
490 1672 579 1728 locus,
598 1671 681 1735 posito
695 1668 835 1726 velamine,
855 1667 973 1726 curtim

355 1742 385 1790 Et
402 1743 485 1791 vitium
500 1742 557 1792 nudi
574 1741 683 1806 corporis
697 1757 768 1790 omne
785 1741 864 1792 videt.

316 1813 352 1863 Ut
365 1826 431 1880 tegat
448 1815 516 1871 hoc,
533 1815 646 1883 celetque
661 1814 748 1871 viros,
765 1814 872 1863 fortuna
886 1813 973 1868 Virilis

259 1897 308 1943 150
358 1885 470 1939 l'raeiiat:
490 1886 515 1938 δι
532 1888 599 1946 hoc,
617 1902 693 1952 parvo
709 1898 763 1938 ture
779 1901 864 1955 rogata
876 1889 969 1946 ,taciu

292 1980 300 1993 ·
318 1960 372 2009 Nec
388 1961 468 2028 pigeat
484 1962 557 2013 niveo
572 1962 655 2011 tritum
670 1977 725 2011 cum
740 1960 800 2010 labie
815 1977 920 2027 papaver

354 2034 476 2095 Sumere,
494 2036 520 2087 δι
536 2036 657 2101 expressis
672 2035 745 2084 mella
761 2028 849 2100 liquata
867 2034 937 2084 favis.

319 2106 380 2157 ctm
397 2108 497 2177 primitur
515 2109 604 2176 cupido
614 2111 700 2161 Venus
713 2108 748 2158 est
764 2103 865 2158 dedutia
876 2108 985 2166 marito,
1030 2171 1035 2177 ι

354 2182 410 2231 Hoc
426 2183 486 2233 bibit
499 2197 506 2232 ε
518 2200 549 2235 ex
566 2178 609 2232 illo
625 2194 736 2247 tempore
754 2193 829 2247 nupta
846 2180 902 2230 fuit.

259 2264 286 2311 15
295 2266 306 2311 5
321 2254 473 2320 supplicibus
488 2256 568 2306 verbis
585 2255 650 2305 illam
667 2256 781 2320 placate:
794 2254 835 2303 sub
851 2254 892 2303 illa
929 2290 932 2294 -

353 2329 385 2378 Et
399 2328 474 2379 forma
485 2329 537 2386 ‚·&
555 2344 655 2387 mores,
673 2327 698 2379 δι
712 2330 776 2377 bona
790 2328 852 2377 fama
865 2341 994 2388 manent«,

317 2400 393 2449 Roma
411 2402 527 2467 pudicitii
542 2418 688 2467 proavorum
704 2413 815 2467 tempore
832 2400 894 2464 lapsa
911 2399 969 2450 ert:

356 2473 497 2535 Cumaeam,
516 2488 634 2532 veteres,
655 2473 802 2525 consuluistis
819 2488 899 2519 anum.

316 2546 419 2611 Templa
433 2545 502 2611 jubet
514 2549 608 2599 Veneri
622 2546 675 2598 fieri
687 2565 693 2598 ε
706 2548 790 2615 quibus
805 2542 889 2594 o‘rdine
905 2544 997 2605 fartis,

259 2616 306 2665 160
332 2652 334 2659 -
355 2620 415 2669 Inde
431 2620 519 2671 Venus
536 2622 607 2671 verso
623 2622 720 2671 nomina
736 2618 810 2671 corde
824 2629 904 2667 tenet·

317 2693 418 2759 Semper
430 2694 460 2743 ad
474 2693 596 2745 AEneadas
607 2696 702 2761 placido
709 2688 721 2753 ',
737 2690 916 2759 pulcherrima,
934 2693 1013 2743 vultu

354 2766 455 2832 Respice
467 2779 573 2834 :totque
591 2780 664 2827 tuas,
680 2767 764 2825 Diva,
782 2777 853 2815 tuere
869 2781 958 2815 nurus.

318 2840 384 2890 Dum
399 2842 504 2908 loquor,
520 2844 590 2891 elatae
607 2841 749 2892 metuendus
765 2839 874 2889 acumine
891 2838 998 2898 caudae,
1032 2849 1035 2853 “

354 2915 469 2981 Scorpios
486 2915 510 2965 in
526 2914 617 2965 virides
632 2914 796 2980 praecipitatur
813 2928 895 2979 aquas.

260 2982 290 3030 16
295 2998 306 3045 5
322 2986 343 3035 N
353 2987 377 3037 O
387 2988 410 3036 X
424 2990 464 3037 ubi
475 2988 615 3044 transierit,
635 2988 771 3053 ccelurrrque
780 2987 910 3037 rubescere
922 2981 1011 3049 primb

356 3059 484 3125 Coeperit,
505 3062 531 3111 δι
546 3058 615 3109 τεέὶε
632 3075 687 3111 rore
703 3072 837 3125 querentur
852 3072 933 3118 επεὶ
