2367 3942
219 417 640 487 Tursrrvnrrn.
666 419 751 488 III.
787 441 860 513 215

149 543 217 607 Saepe
231 540 320 588 sonant
335 536 398 585 moti
410 535 490 602 glacie
506 534 627 599 pendente
643 535 741 602 capilli,

186 613 217 662 Et
232 611 297 661 nitet
311 607 411 659 includo
429 607 528 656 candida
544 609 618 659 barba
632 609 708 676 gelus

151 686 252 752 Udaque
268 680 406 734 cousifhmt
419 679 520 730 formam
536 680 654 731 servantia
670 679 736 732 tcstae

185 758 251 808 Vina
262 772 271 807 r
283 771 332 806 nec
341 752 422 804 haulla
431 753 491 803 meri
502 785 512 812 ,
530 752 570 804 sed
580 755 636 804 data
645 753 717 805 frusta
726 753 820 808 bibunt.

153 831 216 896 Quid
229 828 338 896 loquar,
355 839 384 877 ut
398 826 471 876 vinfti
486 829 644 881 concrescant
659 827 750 894 frigore
766 832 832 888 rivi,
870 845 886 882 2
891 847 903 895 5

186 905 277 970 Deque
293 903 350 950 lacu
367 899 465 968 fragiles
480 898 625 951 effodiantur
639 899 728 966 aquae?

152 976 222 1043 lpse.
241 973 386 1042 papyrifero
400 973 442 1040 qui
455 988 505 1023 non
520 973 641 1041 anguslior
654 991 743 1036 amne,

186 1048 307 1098 Miscetur
322 1045 388 1097 vallo
403 1047 480 1096 multa
494 1063 538 1112 per
553 1063 596 1097 ora
611 1047 698 1107 freto,

154 1121 278 1171 Caenrleos
292 1119 373 1170 ventis
388 1118 475 1170 latices
490 1120 647 1179 durantibus,
666 1120 726 1171 Ister
814 1179 819 1190 ¹

189 1193 330 1262 congelat.
352 1191 504 1243 &teutria
519 1209 585 1243 mare
601 1193 675 1259 serpit
692 1192 770 1259 aquis.
872 1207 905 1262 30

155 1265 257 1334 Quique
274 1277 340 1316 rates
356 1265 453 1325 ilirant,
469 1265 571 1331 pedibus
585 1259 654 1317 nond
666 1267 733 1319 itur:
748 1267 774 1319 dt
789 1268 864 1320 undar

98 1360 99 1365 ¹
189 1341 207 1389 F
208 1341 289 1407 rigore
303 1350 432 1390 concretas
443 1340 534 1406 ungula
546 1340 624 1404 pulsat
636 1339 706 1407 equi.

154 1411 247 1479 Perque
264 1427 344 1463 novos
360 1424 469 1476 pontes,
487 1411 568 1462 subter
583 1413 721 1463 labentibus
735 1413 826 1472 undis,

189 1487 291 1536 Ducunt
306 1485 433 1537 Sarmatici
449 1485 551 1535 barbara
562 1485 665 1551 plaustra
679 1487 765 1535 boves.

154 1558 203 1614 Vix
216 1559 330 1626 equidem
345 1559 452 1609 credar:
467 1557 509 1607 sed
523 1553 577 1606 crim
594 1555 642 1608 sint
656 1558 753 1624 praemia
768 1557 821 1610 falsi
873 1573 886 1626 3
893 1576 905 1624 5

125 1634 129 1640 ’
189 1633 284 1690 Nulla,
300 1631 375 1682 ratam
390 1631 458 1681 testis
472 1628 547 1680 debet
562 1630 654 1680 habete
667 1628 749 1681 fidem.

154 1703 265 1755 Vidimus
279 1703 402 1773 ingentem
417 1703 497 1772 glacie
512 1701 642 1753 considere
658 1716 777 1770 pontum,

189 1777 340 1844 lubricaque
355 1777 467 1829 immotas
483 1775 542 1826 tella
558 1777 684 1841 premebat
700 1793 781 1843 aquas.

154 1850 207 1899 Nee
220 1849 305 1902 vidiss'e
321 1850 356 1900 sat
370 1849 424 1904 est:
441 1851 526 1902 durum
540 1851 684 1915 calcavimus
700 1866 802 1918 aequora

189 1923 311 1990 Undaque
325 1939 375 1972 non
391 1924 441 1974 udo
456 1924 498 1974 sul>
513 1924 577 1991 pede
594 1923 683 1974 summa
696 1923 752 1974 fuir.
873 1940 909 1988 40

155 1996 180 2045 si
195 1996 240 2046 tibi
256 1998 308 2046 tale
323 1996 413 2045 fretum
429 1997 567 2062 quondam,
583 1996 713 2055 Leandro,
730 1996 826 2055 fuisset,

189 2069 249 2119 Non
263 2069 333 2120 foret
349 2063 451 2133 angustae
466 2085 530 2120 mors
545 2082 588 2122 tua
605 2069 696 2120 crimen
712 2085 790 2134 aquae.

154 2141 218 2191 Tum
235 2157 319 2205 neque
335 2139 360 2189 fe
376 2139 447 2205 pandi
463 2141 556 2206 poliunt
570 2142 697 2208 delphines
712 2141 819 2194 inauras

190 2216 296 2264 Tollere
311 2229 319 2265 c
332 2224 448 2263 conantes
464 2214 521 2264 dura
537 2217 637 2266 co‘e'rcet
653 2215 738 2276 hiems.

154 2286 186 2336 Et
200 2287 310 2353 quamvis
325 2288 417 2336 Boreas
431 2285 523 2351 infiatis
538 2289 632 2338 insonet
646 2289 709 2346 alis,
863 2301 907 2350 ,45

191 2359 289 2409 Fluflus
304 2359 331 2408 in
346 2356 435 2408 obselso
450 2359 546 2426 gurgite
562 2361 640 2410 nullus
658 2361 713 2410 erit.

155 2431 303 2499 inclusaque
319 2432 376 2499 gelu
389 2431 501 2490 flabunt,
517 2444 545 2483 ut
561 2449 698 2490 marmore,
718 2447 810 2498 puppes
822 2445 831 2483 2

190 2505 215 2553 N
217 2520 248 2553 ee
261 2505 354 2570 poterit
365 2504 454 2572 rigidas
471 2503 563 2554 findere
576 2521 657 2556 remus
673 2519 756 2572 aquas.

154 2574 266 2629 Vidimus
281 2578 305 2628 in
319 2577 397 2645 glacie
412 2577 490 2642 pisces
505 2579 600 2628 harere
616 2578 723 2644 ligatos:

192 2648 225 2699 Et
239 2667 295 2715 pars
310 2668 341 2700 ex
356 2650 403 2700 illis
417 2662 468 2700 turn
483 2648 582 2716 'quoque
597 2650 653 2700 viva
668 2649 724 2700 fuit.
822 2683 830 2692 -
877 2662 910 2712 50

157 2719 213 2771 Sive
226 2721 301 2789 igitur
316 2723 383 2772 nimii
398 2723 485 2772 Boreae
499 2723 536 2773 vir
552 2722 613 2772 saeva
628 2722 729 2774 mannas
741 2754 749 2782 2

192 2794 251 2844 Sive
266 2795 412 2845 redundatas
425 2796 525 2845 flumine
540 2795 606 2861 cogit
620 2811 714 2862 aqum

158 2864 292 2924 Protinus,
312 2883 408 2934 aequato
424 2869 496 2918 siccis
512 2867 672 2934 Aquilonibus
687 2867 765 2925 lllro,

98 2984 99 2991 ,
191 2939 320 2989 Invehitur
336 2942 411 2990 celeri
426 2942 539 2992 barbarus
555 2940 628 2991 hostis
644 2955 719 3006 equo.

157 3009 238 3060 Hostis
252 3027 318 3078 equo
333 3015 446 3078 pollens,
466 3012 586 3080 longsque
600 3013 700 3062 volante'
716 3007 820 3082 saguli,
876 3023 908 3073 55
1016 3039 1018 3042 ·

193 3084 307 3137 Vicinam
324 3084 374 3138 late
390 3086 552 3153 depopulatur
568 3086 676 3138 humum.
