2367 3942
257 476 330 571 308
382 475 424 547 P.
452 474 648 545 Ογιυιι
675 475 903 545 Nasonis
956 437 958 442 Ι

253 594 293 644 sic
310 608 358 659 ego
376 592 494 643 continuo
512 594 628 644 Fortunae
645 595 763 643 vulneror
779 592 848 643 irrue

289 665 390 731 Vixque
401 666 474 715 habet
491 666 515 715 in
526 667 596 717 nobis
610 665 659 732 jam
670 683 735 715 nova
745 668 818 733 plaga
832 666 915 718 locun.

254 740 308 790 Nec
323 738 397 806 magis
413 738 509 789 assiduo
522 756 607 790 vomer
622 751 737 789 tenuatur
750 740 780 788 ab
796 738 858 799 usu,

290 812 345 861 Nec
362 811 436 879 magis
452 811 486 861 est
503 814 581 863 curvis
597 812 675 877 Appia
690 812 748 861 trita
764 812 847 870 rotis;

211 902 242 949 45
256 883 355 935 Peeora
372 889 443 949 quim
459 902 512 935 mea
529 885 581 935 sunt
596 885 657 935 serie
675 896 767 935 caecata
782 886 908 935 laborum:

291 956 322 1007 Et
338 958 398 1007 nihil
413 958 516 1017 inveni,
535 958 601 1024 quod
618 956 675 1007 mihi
691 957 770 1008 ferret
786 974 870 1023 opern.

254 1029 354 1082 Artibus
372 1030 481 1097 ingenuis
498 1032 597 1097 quesita
614 1030 646 1081 est
661 1030 738 1097 gloria
755 1031 860 1081 multist

291 1101 379 1153 Infelix
394 1103 455 1169 perii
471 1104 569 1155 dotibus
584 1104 634 1170 ipse
650 1105 719 1153 meis.

253 1177 318 1236 vita,
330 1176 397 1242 prior
413 1176 473 1225 vitio
491 1189 579 1233 caret,
597 1176 689 1226 &sine
706 1176 762 1226 labe
779 1174 896 1240 pernen
952 1219 954 1224 .

212 1268 245 1316 50
288 1248 386 1310 ‘Auxilii
400 1249 486 1300 misero
501 1251 535 1300 nil
552 1250 608 1299 tulit
624 1250 664 1299 illa
679 1249 746 1298 mihi.

256 1322 336 1390 Culpa
352 1322 431 1391 gravis
448 1323 560 1390 precibus
577 1322 681 1372 donatur
697 1322 761 1387 saepe
778 1320 897 1373 suorum:
953 1358 955 1362 -

293 1397 379 1447 Omnis
395 1413 441 1462 pro
456 1396 524 1446 nobis
540 1396 616 1462 gratia
630 1407 694 1445 muta
712 1395 768 1444 luit.

255 1468 363 1536 Adjuvat
379 1469 485 1520 indutis
502 1468 562 1519 alios
577 1468 703 1533 praelentia
719 1468 816 1518 rebust

294 1542 384 1593 Obruit
400 1543 448 1593 hoc
463 1542 547 1593 absens
563 1541 626 1590 valla
642 1542 750 1606 procella
767 1552 853 1605 capnt.

213 1630 244 1678 55
259 1613 324 1678 Quae
334 1631 383 1666 non
393 1615 533 1665 horruerint
543 1616 640 1664 tacitam
649 1630 746 1680 quoque
759 1613 862 1663 Caesaris
872 1612 929 1662 iram
938 1610 950 1662 l

294 1688 383 1737 Addita
399 1687 453 1737 suut
469 1688 546 1753 poenis
563 1687 645 1753 aspera
659 1688 734 1736 verba
750 1686 822 1737 meis.

256 1759 294 1810 Fit
309 1759 366 1825 luga
381 1761 531 1825 temporibus
549 1761 650 1809 levior:
667 1757 790 1825 projeetus
807 1759 835 1809 iu
851 1775 935 1825 equor
960 1762 963 1772 '

293 1831 419 1893 Arllurum
435 1831 495 1880 subii
512 1831 688 1898 Pleiadumque
704 1831 789 1882 minas·

257 1904 326 1970 Stepe
344 1903 422 1956 solent
437 1904 540 1953 hiemem
556 1905 675 1969 placidam
692 1905 779 1955 sentire
796 1905 906 1955 eamne:

213 1979 247 2028 60
297 1979 354 2026 Non
371 1977 460 2026 ithacae
476 1979 550 2043 puppi
567 1978 653 2027 saevior
668 1978 731 2027 unda
748 1978 805 2027 fuit.

257 2050 332 2103 Recta
349 2049 409 2100 fides
426 2051 541 2099 comitum
557 2064 654 2116 poterat
669 2052 730 2100 mala
744 2050 824 2113 nostra
836 2052 941 2102 levare:

294 2124 379 2174 Ditata
393 2123 426 2172 est
441 2123 521 2190 spoliis
537 2122 628 2190 perfida
642 2124 712 2174 turba
726 2124 797 2173 meis.

258 2197 344 2247 Mitius
362 2197 471 2246 exsilium
488 2196 579 2247 faciunt
595 2198 649 2245 loca
662 2210 670 2245 ε
683 2196 770 2245 trilliot
784 2193 826 2244 ista

294 2270 372 2319 Terra
389 2270 430 2319 sub
442 2271 557 2318 ambobus
572 2286 621 2317 non
635 2268 701 2332 jacet
717 2269 765 2318 ulla
781 2268 856 2333 polis.

213 2342 245 2405 65
261 2342 300 2391 Eli
318 2342 408 2407 aliquid
423 2343 506 2407 patriis
524 2342 628 2391 vicinum
645 2339 731 2390 finibus
748 2340 817 2391 elle:

295 2415 385 2463 Ultima
402 2432 440 2464 me
456 2417 546 2472 tellus,
565 2415 661 2464 ultimus
676 2414 740 2463 orbis
755 2414 841 2462 habet.

257 2485 354 2536 Praellat
372 2489 397 2537 dt
414 2488 533 2556 exsulibus
550 2505 635 2551 pacem
650 2500 691 2535 tua
708 2487 793 2554 laurea
801 2519 809 2544 ,
831 2486 931 2538 cesar:

294 2558 394 2608 Pontica
406 2559 508 2609 finitimo
523 2573 589 2609 terra
601 2560 642 2609 sub
657 2557 724 2607 holle
740 2558 814 2623 jacet.

256 2629 365 2696 Tempus
382 2633 405 2681 in
422 2649 534 2699 agrorum
550 2634 617 2682 cultu
634 2630 774 2681 consumere
789 2630 861 2680 dulce
877 2631 932 2683 ellt

213 2720 247 2767 70
295 2706 352 2752 Non
368 2705 458 2768 patitur
473 2705 535 2755 verti
549 2707 660 2754 barbarus
677 2703 748 2753 hollis
764 2704 872 2752 humum.

257 2775 388 2841 Temperie
407 2778 462 2826 coeli
478 2795 615 2842 corpusque
631 2778 770 2843 animusque
786 2774 923 2839 juvantur}

296 2849 396 2916 Frigore
413 2862 532 2916 perpetuo
550 2851 663 2900 Sarmatis
680 2866 722 2898 ora
738 2850 812 2915 riget.

257 2920 296 2971 El'l
312 2922 336 2971 in
351 2939 412 2989 aqua
426 2922 489 2972 dulci
504 2939 553 2971 non
570 2923 685 2973 invidiosa
699 2922 831 2987 voluptas:

293 2993 421 3061 AEquoreo
434 2996 522 3045 bibitur
539 3012 593 3045 cum
609 2995 655 3045 sale
673 2995 747 3044 mixta
763 2995 841 3059 palus.

213 3081 245 3128 75
261 3066 350 3118 Omnia
364 3066 477 3117 deficiunt
492 3085 499 3118 :
513 3069 604 3117 anirnus
621 3081 701 3118 tamen
715 3068 795 3118 omnia
810 3065 897 3119 vincit·

295 3138 340 3189 Ille
356 3140 429 3192 etiam
442 3141 508 3193 vires
523 3156 612 3210 corpus
626 3142 717 3194 habere
732 3140 802 3195 lacit.
