2367 3942
225 511 228 520 .
270 457 566 527 Tarsrrunr
590 455 767 527 urnas.
817 474 893 550 245

174 579 348 645 seducamus
362 593 448 646 poenas
462 593 472 630 a
488 565 684 645 Scytlricique'iu
698 573 783 627 finibus
794 575 846 627 iliri

211 654 258 702 lile
274 652 410 718 pharetrati
425 650 491 701 lusor
505 651 612 700 Amoris
622 647 710 699 abest.'
779 651 781 658 ⁴

176 725 252 790 Quod
265 724 392 792 superest,
409 724 500 775 animos
514 724 544 773 ad
559 723 657 789 publici
674 721 778 772 carmina
792 722 869 781 bexia

212 798 244 848 Et
260 805 384 848 memores
399 797 459 863 jussi
477 796 581 848 nominis
597 791 644 846 eise
662 794 706 845 sui.
730 859 732 864 Ι

177 872 202 922 Si
216 883 301 922 tamen
314 887 330 921 e
343 870 413 921 vobis
427 871 529 937 aliquis,
541 882 591 919 tam
605 869 697 927 multa,
710 867 833 935 requiret,
899 883 931 933 25

212 944 287 994 Unde
302 943 407 993 dolenda
415 959 502 994 canam
517 960 526 1002 ς
541 944 617 992 multa
630 941 733 991 dolenda
750 942 804 993 tuli.

174 1017 233 1067 Non
247 1018 303 1066 haee
317 1014 434 1083 ingenio,
453 1033 503 1066 non
517 1016 571 1065 baec
586 1013 754 1081 componimus
770 1027 841 1068 arte:

210 1089 319 1139 Materia
333 1088 367 1138 eii
380 1089 487 1156 propriis
499 1087 621 1155 ingeniosa
636 1087 714 1138 malis.

173 1160 205 1210 lit
218 1173 296 1228 quota
311 1161 425 1211 Fortuna
439 1178 495 1229 pars
510 1160 543 1211 eii
556 1161 581 1210 in
598 1161 703 1211 carmine
713 1159 822 1212 nostra?

210 1235 298 1294 Felix,
314 1235 355 1301 qui
369 1234 474 1300 patitur,
490 1251 544 1303 quae
557 1249 684 1285 munerare
697 1235 764 1283 valet
776 1235 783 1282 l
895 1247 931 1301 30

97 1366 102 1379 .
175 1305 246 1370 Quot
259 1308 362 1358 frutices
376 1307 462 1365 silvae,
478 1319 539 1374 quot
553 1307 626 1356 flavas
639 1306 721 1356 Tibris
735 1321 839 1366 arenas,

209 1380 299 1430 Mollia
315 1392 375 1447 quot
389 1380 477 1431 Martis
493 1381 598 1449 graurina
615 1395 713 1446 campus
728 1380 819 1437 habeta

175 1451 227 1502 Tor
241 1455 304 1503 mala
319 1454 461 1520 pertulimus
476 1469 486 1503 r
503 1469 605 1518 quorum
620 1452 739 1502 medicina
754 1452 871 1518 quiesque

207 1527 299 1584 Nulla,
315 1526 361 1576 nisi
375 1526 399 1576 in
413 1525 490 1576 studio
503 1525 693 1592 Pieridumque,
709 1541 777 1573 mora
792 1523 834 1573 est.

171 1597 235 1662 Quis
246 1599 307 1658 tibi,
317 1598 400 1658 uaso,
412 1599 498 1648 modus
510 1597 639 1666 lacrymosi
650 1596 760 1647 carminis
772 1594 782 1645 ἓ
792 1595 880 1662 inquis.
894 1610 906 1662 3
912 1612 925 1662 5

209 1671 296 1730 idem,
311 1671 426 1722 Furtunae
442 1671 482 1738 qui
498 1672 583 1721 modus
599 1669 671 1737 hujus
687 1671 743 1721 erit.

170 1741 249 1807 Quod
265 1761 371 1811 querar,
387 1746 428 1795 illa
442 1743 501 1794 mibi
515 1745 590 1811 pleno
604 1744 635 1794 de
652 1743 722 1794 fonte
736 1741 874 1795 ministrati

206 1819 262 1868 Nec
275 1834 329 1868 mea
344 1818 413 1877 sunt,
429 1817 474 1868 fati
487 1819 562 1868 verba
576 1817 618 1868 sed
632 1817 673 1868 ista
688 1817 745 1867 mei.
848 1811 851 1818 '

169 1888 203 1940 At
218 1889 277 1939 milri
294 1891 315 1940 si
332 1891 388 1942 cari
401 1893 501 1957 patriam
517 1908 572 1941 cum
587 1891 695 1960 cunjuge
709 1891 816 1950 reddas,

205 1963 261 2013 Sint
274 1965 356 2013 vultus
366 1964 476 2021 hilares,
492 1964 584 2028 simque
600 1965 665 2029 quod
680 1975 736 2013 ante
752 1963 796 2012 fui.
887 1976 925 2025 40

119 2041 122 2046 ’
169 2033 261 2086 Lenior
277 2034 359 2084 inviui
374 2036 396 2084 si
410 2036 443 2084 sit
457 2035 515 2083 mihi
531 2035 630 2084 Caesaris
645 2035 679 2083 ira
690 2057 701 2093 ,v

203 2108 321 2159 Carmina
336 2105 427 2156 laetirlae
442 2104 491 2173 jam
505 2107 549 2156 tibi
564 2109 636 2172 plena
653 2107 725 2156 dabo.

167 2181 221 2232 Nec
238 2194 322 2232 tamen
334 2190 362 2230 ut
377 2178 454 2239 lusit,
470 2179 550 2231 rursus
564 2197 618 2230 mea
632 2179 703 2229 litera
717 2178 804 2229 ludet:
880 2175 890 2186 ⁸

204 2255 242 2305 Sit
256 2254 330 2305 semel
345 2254 386 2304 illa
400 2252 459 2318 joco
476 2253 594 2305 luxuriata
610 2252 661 2304 suo.

168 2325 499 2393 Quobprobetlplmcauam
510 2323 768 2393 :poenae,modb,parte
779 2324 874 2388 leuati,
885 2343 902 2391 4
905 2341 919 2392 5

202 2401 340 2451 Barbarienr
356 2400 446 2468 rigidos
463 2399 623 2468 effugiamque
642 2399 730 2452 Getas.

167 2473 264 2524 interea
278 2474 351 2524 nostri
366 2474 424 2540 quiri
437 2485 527 2542 agant,
541 2474 587 2524 nisi
600 2473 684 2533 crille,
699 2470 795 2524 libelli?

203 2545 276 2596 Tibia
290 2547 413 2597 funeribus
427 2548 542 2597 convenit
557 2548 597 2598 ista
614 2547 682 2597 meis.

166 2615 203 2670 At
219 2631 335 2684 poteras,
351 2621 446 2687 inquis,
463 2618 546 2671 meliis
560 2621 621 2670 mala
636 2621 700 2671 ferre
715 2620 830 2680 silendo,

203 2692 235 2742 Et
250 2692 338 2743 tacitus
355 2694 421 2744 casus
436 2694 585 2744 dissimulare
599 2705 666 2745 tuos.
887 2707 921 2756 50

113 2783 117 2790 ¹
165 2765 265 2833 Exigis,
283 2778 310 2814 ut
325 2766 385 2816 nulli
399 2767 502 2834 gemitus
516 2779 638 2818 tormenta
654 2767 805 2833 sequantur}

202 2840 361 2907 Acceptoque
376 2841 443 2908 gravi
456 2841 576 2900 vulnere,
594 2841 654 2891 tiere
667 2852 746 2890 vetas.

167 2910 221 2977 Ipse
236 2909 342 2960 Perilleo
353 2910 458 2963 Phalaris
474 2914 583 2980 permisit
597 2913 621 2963 in
636 2927 685 2964 aere

201 2983 281 3034 Edere
295 2984 415 3052 mugitus,
434 2987 459 3037 δι
474 2987 544 3037 bovis
561 3002 606 3038 ore
623 2984 702 3052 queri.

165 3053 225 3106 cum
241 3055 327 3105 Priami
340 3059 452 3124 lacrymis
469 3058 573 3108 offensus
587 3075 637 3108 non
652 3057 683 3107 sit
700 3054 826 3116 Achilles,
883 3066 917 3120 35

199 3129 240 3181 Tu
255 3129 326 3180 fletus
341 3131 452 3191 inhibes,
470 3131 553 3182 durior
566 3129 650 3190 liobe,
667 3143 744 3186 meos.
769 3198 824 3249 Η

802 3216 826 3266 ¹1
