2367 3942
229 430 688 500 Fxsronvndra.
714 433 784 503 IV.
815 453 884 505 101

184 554 225 603 Cui
237 555 310 610 Dea,
325 553 402 608 Duc,
417 551 515 617 inquit:
528 548 606 606 scitii,
622 548 670 615 qui
685 565 776 617 cogere
790 551 879 617 posses.

216 627 296 691 Seque
313 627 380 674 levat
397 624 475 679 saxo,
495 621 690 687 subsequiturque
707 623 796 673 senem.

183 700 238 749 Dux
254 698 340 747 comiti
354 708 452 755 narrat,
469 699 540 761 quam
554 696 586 745 sit
601 695 647 744 sibi
660 693 722 745 lilius
739 714 825 763 eger,

217 772 270 820 Nec
288 770 368 836 capiat
386 770 500 828 somnos,
519 769 677 834 invigiletque
693 770 770 821 malis.
901 782 952 834 530

185 846 225 894 llla
242 844 421 907 soporiferum,
439 858 525 907 parvos
541 842 630 891 initura
645 853 765 906 penates,

218 916 321 983 Colligit
337 915 421 983 agrelii
436 917 491 965 lene
506 930 612 980 papaver
628 914 718 965 humo.·

184 992 248 1041 Dum
264 989 343 1056 legit,
360 989 437 1039 oblito
453 989 531 1039 fertur
546 986 643 1055 gustasse
659 989 759 1053 palato,

217 1062 372 1129 Longumque
387 1062 527 1127 imprudens
541 1060 668 1111 exsoluisse
683 1061 778 1113 samem.

187 1136 245 1199 Quae
260 1136 316 1201 quia
330 1135 450 1201 principio
466 1134 547 1200 posuit
563 1132 653 1197 jejunia
666 1134 762 1193 nouis,
900 1151 912 1200 5
918 1144 950 1201 3'5

125 1237 128 1241 ·
217 1208 325 1275 Tempus
338 1209 428 1259 habent
442 1208 529 1275 Mystae
544 1209 622 1257 sidera
636 1207 686 1257 visa
703 1209 760 1259 cibi.

185 1281 265 1331 limen
281 1293 309 1332 ut
321 1282 421 1331 intravit
433 1314 447 1340 „
457 1281 535 1331 tutius
550 1281 619 1331 videt
633 1280 713 1331 omnia
729 1283 801 1345 plena
815 1295 824 1333 t

217 1354 268 1406 Jam
283 1354 335 1420 spes
352 1356 378 1404 in
396 1370 475 1421 puero
491 1355 557 1403 nulla
571 1354 650 1403 salutis
667 1365 728 1403 erat.

186 1426 263 1476 Matre
273 1426 395 1485 salutati,
413 1439 491 1477 mater
506 1427 627 1478 Metanira
643 1436 765 1484 vocatur„

218 1499 324 1567 Jungere
341 1501 439 1567 dignata
457 1499 491 1548 est
507 1516 535 1549 os
551 1500 647 1563 puerile
664 1498 717 1547 suo.
902 1514 953 1560 540

186 1570 262 1622 Pallor
278 1574 347 1631 abit,
363 1574 496 1638 subitaque
511 1573 597 1639 vigent
613 1572 638 1621 in
653 1586 757 1636 corpore
771 1570 846 1621 vires.
878 1620 884 1629 .

217 1646 310 1697 Tantus
326 1646 417 1697 coelesti
431 1646 501 1695 venit
516 1646 546 1693 ab
560 1660 604 1694 ore
617 1644 697 1711 vigor.

185 1718 247 1767 Tota
261 1718 346 1771 domus
361 1721 418 1769 laeta
429 1719 463 1768 esi
475 1734 482 1769 :
496 1718 543 1769 hoc
554 1717 605 1776 est,
623 1729 766 1784 materque,
778 1730 896 1785 paterque
908 1752 916 1778 ,

218 1793 329 1857 Nataque
341 1808 349 1843 ι
362 1805 413 1843 tres
427 1791 462 1841 illi
473 1804 525 1843 tota
543 1792 612 1841 fuere
628 1791 723 1841 domus.

183 1864 243 1914 Mox
259 1867 344 1930 epulas
359 1878 468 1932 ponunt,
486 1864 615 1931 liquesasta
629 1865 729 1931 coagula
745 1863 825 1923 laste,
902 1878 951 1929 545

217 1937 359 2003 Pomaque,
379 1938 444 1987 &in
458 1940 548 1987 tenetis
564 1954 638 1986 aurea
652 1938 722 1985 mella
737 1936 806 1987 favis.

184 2009 291 2060 Abllinet
305 2012 368 2061 alma
383 2010 481 2064 Ceres,
500 2010 624 2074 somnique
639 2025 757 2074 papavera
773 2009 854 2061 causas

215 2085 267 2133 Dat
280 2081 329 2131 tibi
343 2098 399 2129 cum
415 2082 499 2144 tepido
515 2081 575 2129 laste
590 2080 713 2138 bibenda,
731 2098 799 2146 puer.

183 2156 265 2206 Nostis
282 2164 338 2205 erat
348 2152 477 2216 medium,
497 2154 630 2218 placidique
645 2153 739 2204 silentia
751 2154 824 2204 somni
836 2171 845 2212 ς

214 2229 397 2295 Triptolemum
412 2227 504 2293 gremio
515 2225 605 2277 sullulit
619 2226 659 2277 illa
674 2227 727 2278 suo.
902 2244 952 2292 550

183 2301 281 2368 Terque
294 2317 368 2351 manu
382 2300 509 2366 permulsit
518 2317 573 2349 eum
584 2316 592 2351 t
604 2300 650 2352 tria
662 2298 765 2351 carmina
784 2299 844 2351 dixit
855 2333 864 2359 ,

218 2374 330 2424 Carmina
346 2373 444 2423 mortali
459 2390 508 2423 non
524 2374 653 2423 reserenda
670 2373 738 2425 sono.

182 2447 258 2513 Inque
273 2446 332 2496 foco
345 2479 362 2504 ,.
371 2446 440 2511 pueri
456 2463 544 2511 corpus
558 2446 658 2496 vivente
674 2444 756 2497 favilis

218 2520 327 2577 Obruit,
349 2520 477 2569 humanum
493 2531 581 2587 purget
595 2532 622 2569 ut
637 2520 698 2585 ignis
716 2535 786 2569 onus.

182 2592 313 2643 Excutitur
329 2591 412 2641 somno
431 2591 500 2641 stult'e
517 2592 556 2658 pia
571 2605 668 2643 mater:
682 2591 708 2641 &
724 2608 827 2648 amens,
905 2605 954 2655 555

218 2665 288 2727 Quid
302 2663 383 2714 facis?
398 2667 535 2716 exclamat:
547 2666 699 2730 membraque
714 2666 743 2715 ab
759 2664 815 2731 igne
829 2663 901 2729 rapit.
975 2696 978 2701 ·

183 2737 229 2787 Cui
246 2739 323 2795 Dea,
342 2738 408 2804 Dum
425 2754 475 2788 non
490 2755 536 2794 es,
554 2738 632 2797 dixit,
650 2739 783 2796 scelerata,
802 2735 883 2794 suilli,

218 2811 291 2861 irrita
306 2822 414 2862 materno
432 2812 486 2860 sunt
501 2827 553 2861 mea
569 2812 632 2861 dona
646 2823 723 2861 metu.

181 2883 226 2932 lsle
244 2883 342 2949 quidem
358 2884 465 2934 mortalis
482 2885 545 2936 erit:
558 2883 599 2933 sed
613 2884 701 2949 primus
718 2882 814 2939 arabit,

218 2957 251 3005 Et
267 2955 352 3011 seret3
368 2957 394 3006 dt
411 2957 476 3005 culti
489 2958 587 3021 praemia
603 2958 676 3007 tollet
690 2957 773 3006 humo.
906 2952 956 3014 560

180 3028 274 3079 Dixit:
288 3028 314 3076 δι
330 3029 456 3094 agrediens
471 3032 559 3079 nubem
572 3031 667 3087 trahit,
685 3028 758 3092 inque
775 3026 893 3075 dracones

216 3100 342 3159 Transit,
359 3100 385 3152 dt
400 3102 492 3170 aligero
506 3102 602 3154 tollitur
618 3118 663 3153 axe
683 3099 771 3151 Ceres.
787 3168 807 3217 E

822 3186 846 3233 ιι]
