2367 3942
1167 377 1325 457 344
1396 360 1482 429 P.
1534 359 1927 432 Orrnn
1977 364 2120 430 NA

1166 484 1266 537 Vix
1298 482 1523 549 equidem
1545 483 1695 533 credo
1718 515 1735 540 ‚
1770 481 1852 531 sed
1885 482 1936 531 ὃ(
1966 480 2124 534 insulta

1240 555 1320 606 Te
1349 555 1463 604 mihi
1480 589 1497 614 ‚
1531 573 1623 608 nec
1651 555 1810 605 verbis
1838 571 2041 620 parcere
2062 587 2077 612 ,
2115 556 2124 605 1

1005 626 1054 716 '
1166 627 1300 693 Quid
1322 627 1485 678 facis?
1518 629 1577 678 ah
1608 629 1804 678 demens
1838 627 1850 677 !
1879 644 1966 678 cur
1987 661 2004 686 ‚
2035 628 2124 678 si!

1079 713 1147 764 30
1242 701 1508 768 Naufragio
1540 703 1773 768 lacrymas
1807 701 1952 766 eripis
1983 700 2080 766 ipse
2115 713 2124 748 1

1172 773 1294 824 Haec
1317 773 1427 823 Dea
1457 790 1555 825 non
1576 773 1726 823 stabili
1748 808 1762 832 ,
1792 779 1929 840 quam
1951 773 2012 824 sit
2033 774 2124 823 levi

1243 845 1405 910 Quem
1439 845 1664 897 summum
1697 846 1844 897 dubio
1875 846 1958 896 sub
1988 847 2116 912 pede

1168 917 1409 987 Quolibet
1441 919 1506 970 est
1526 920 1656 987 {0¹59
1677 953 1694 979 ,
1728 920 1821 988 qua
1849 920 1923 969 vis
1944 919 2124 989 „incerti

1240 991 1332 1042 Par
1361 991 1431 1042 illi
1461 993 1637 1043 levitas
1659 1026 1676 1052 ,
1708 994 1926 1059 improbe
1947 1025 1964 1050 ,
1997 991 2097 1042 sola

1082 1075 1110 1132 3
1124 1079 1148 1127 5
1180 1064 1360 1114 Omnia
1387 1065 1493 1116 sunt
1521 1066 1768 1117 hominum
1795 1067 1931 1117 tenui
1966 1065 2124 1132 pende

1248 1138 1312 1188 Et
1342 1137 1496 1190 subito
1531 1140 1641 1189 casu
1663 1173 1678 1200 ,
1707 1157 1816 1207 quae
1848 1141 2047 1189 valuere
2071 1172 2086 1196 ,
2115 1156 2124 1188 ι

1169 1210 1353 1261 Divitis
1382 1213 1543 1262 audita
1574 1212 1643 1262 est
1671 1215 1749 1263 cui
1780 1229 1879 1262 non
1909 1211 2124 1277 opulenti

1247 1286 1437 1351 Nempe
1469 1298 1633 1348 tamen
1660 1286 1807 1336 vitam
1838 1297 2004 1350 captus
2034 1285 2096 1334 ab

1170 1357 1262 1407 Ille
1291 1349 1549 1425 Syracosii
1574 1357 1721 1409 modo
1750 1359 2031 1409 formidatus
2059 1358 2109 1406 in

1080 1444 1152 1489 40
1249 1432 1351 1480 vix
1381 1432 1546 1481 humili
1577 1431 1743 1482 duram
1774 1431 1954 1498 repulit
1984 1441 2089 1480 arte
2120 1448 2124 1475 τ

1175 1502 1311 1566 Quid
1339 1503 1499 1554 fuerat
1528 1504 1714 1572 Magno
1740 1502 1936 1570 majus?
1967 1515 2124 1553 tamen

1248 1576 1487 1627 submissa
1516 1578 1705 1645 fugiens
1736 1594 1865 1627 voce
1898 1577 2089 1626 clientis
2121 1601 2124 1616 ·

1178 1647 1370 1714 Cuique
1400 1650 1509 1700 viro
1541 1663 1678 1702 totus
1704 1662 1940 1700 terrarum
1972 1648 2124 1716 paruit

1249 1721 1444 1788 Indigus
1473 1721 1668 1772 effeetus
1702 1724 1923 1774 omnibus
1950 1723 2050 1788 ipse
2082 1738 2124 1770 ru

1087 1808 1153 1854 45
1185 1793 1274 1843 me
1304 1792 1598 1860 Jugurthino
1627 1796 1784 1845 clarus
1805 1795 2124 1860 ‚—Cimbroqu=

1252 1863 1369 1929 Quo
1401 1866 1572 1916 victrix
1601 1868 1752 1918 toties
1787 1867 2001 1917 Consule
2031 1867 2124 1917 Ron

1178 1939 1235 1988 ln
1267 1954 1407 1989 coeno
1442 1941 1580 1990 latuit
1607 1941 1826 1998 Marius,
1865 1940 2113 2006 cannaque

1085 2072 1096 2085 ·
1254 2011 1457 2063 Pertulit
1486 2013 1535 2064 δι
1565 2025 1705 2064 tanto
1739 2014 1888 2063 multa
1923 2013 2124 2079 puden&

1178 2084 1324 2137 Ludit
1353 2087 1403 2136 in
1429 2087 1647 2136 humanis
1678 2086 1833 2136 divina
1863 2085 2082 2152 potentia
2110 2103 2124 2134 ι

1094 2172 1160 2221 50
1261 2159 1324 2208 Et
1353 2172 1533 2210 certam
1563 2160 1769 2226 praesens
1795 2161 1876 2210 vix
1904 2160 2050 2209 habet
2082 2160 2124 2207 h-

1180 2231 1319 2282 Litus
1351 2233 1411 2282 ad
1441 2232 1677 2282 Euxinum
1701 2266 1716 2290 ,
1750 2232 1791 2282 si
1825 2232 1928 2299 quis
1959 2231 2076 2280 mihi
2109 2249 2124 2279 ε

1255 2305 1314 2354 Et
1345 2318 1533 2356 metues
1560 2340 1575 2363 ,
1611 2322 1725 2355 arcu
1753 2322 1814 2355 ne
1845 2305 2018 2356 feriare
2051 2302 2124 2353 G<

1182 2376 1208 2427 1
1231 2409 1247 2435 ‚
1281 2379 1392 2427 bibe
1415 2413 1433 2434 ,
1467 2378 1676 2428 dixifl‘em
1695 2412 1710 2436 ,
1744 2390 2003 2446 purgantes
2033 2376 2124 2442 pei

1255 2448 1500 2514 Quicquid
1534 2451 1584 2500 &
1620 2450 1672 2500 in
1699 2462 1806 2500 tota
1839 2451 2045 2502 nascitur
2074 2451 2119 2498 A

1100 2535 1125 2583 5
1140 2536 1162 2584 5
1191 2521 1306 2571 Sum
1335 2534 1494 2572 tamen
1523 2522 1628 2573 haec
1659 2522 1811 2588 paffus
1835 2540 1850 2574 t
1876 2540 1968 2573 nec
1988 2557 2005 2582 ‚
2031 2523 2073 2573 si
2103 2540 2124 2570 t

1258 2593 1322 2643 Et
1354 2594 1516 2644 summi
1545 2607 1762 2661 poteram
1791 2600 1888 2648 tela
1923 2613 2098 2646 cavere
2122 2599 2124 2601 ’

1184 2665 1264 2715 Tu
1285 2683 1480 2733 quoque
1498 2669 1576 2718 fac
1597 2670 1766 2719 timeas
1790 2686 1806 2727 ς
1841 2669 1890 2720 δι
1914 2703 1931 2727 ,
1962 2686 2068 2735 quae
2100 2679 2122 2716 t

1257 2739 1390 2791 Dum
1418 2742 1631 2810 loqueris
1653 2773 1671 2801 ,
1701 2739 1811 2793 fieri
1843 2743 1984 2794 tristia
2015 2739 2124 2809 poff·
