2367 3942
320 426 373 501 40
422 406 464 474 P.
487 404 680 475 Orrnrr
706 404 949 477 Nasonis

306 528 378 585 „Hoc
388 540 415 576 tu
426 542 470 591 per
479 538 557 575 tetras
567 554 575 583 ,
589 524 656 590 quod
663 524 689 573 in
699 524 792 577 :there
802 524 817 577 J
819 527 914 590 uppiter
923 529 983 584 alto,

357 601 454 649 Nomen
463 600 537 649 habes
550 615 557 649 a
570 598 695 647 hominum
705 610 732 647 tu
743 610 832 664 pater,
847 600 890 649 ille
902 600 984 649 Dein.

319 672 424 725 Romule
435 706 443 731 ,
463 672 583 723 concedas
596 688 604 721 t
616 671 674 721 iacit
685 672 725 720 hic
735 684 777 721 tua
788 688 874 738 magna
885 674 973 723 tuendo

357 746 450 796 Moenia
462 761 470 796 2
482 759 509 795 tu
521 745 623 795 dederas
634 744 791 795 transilienda
800 743 889 793 Remo.

259 830 308 883 135
321 818 360 870 Te
371 819 475 876 Tatius,
493 819 609 884 parvique
619 817 718 875 Cures,
736 814 886 883 Caninaque
901 818 984 869 sensit:

357 892 414 943 Hoc
426 892 518 950 Duce,
538 892 674 943 Romanum
684 890 718 939 eli
728 889 784 940 solis
796 903 924 957 utrumque
933 893 997 943 latus.

321 964 363 1017 Tu
378 967 453 1015 breve
464 965 546 1017 nescio
556 964 614 1031 quid
628 962 698 1013 virle
708 962 804 1012 telluris
814 964 919 1014 habebas
930 981 938 1015 s

357 1038 536 1105 Quodcumque
550 1038 646 1087 elicito
658 1035 699 1085 sub
710 1035 792 1094 Jove,
808 1035 888 1087 Caesar
900 1038 980 1087 habet.

318 1110 358 1165 Tu
370 1113 432 1177 rapis
443 1128 452 1169 ς
470 1112 510 1161 hir
521 1110 617 1170 callae,
631 1109 694 1158 duce
705 1109 729 1158 se
742 1141 750 1167 ,
767 1107 836 1173 jubet
848 1109 895 1159 eise
906 1112 1006 1161 muas·

260 1200 311 1248 140
358 1184 399 1234 Tu
408 1184 497 1250 recipis
511 1186 586 1241 luco,
607 1182 786 1232 submovetille
797 1181 877 1233 nefas.

320 1257 367 1313 Vis
376 1258 419 1307 tibi
428 1271 495 1325 grata
504 1258 551 1307 fuit
563 1272 571 1306 a
582 1256 672 1305 florent
681 1255 725 1305 sub
738 1253 834 1305 Caesare
845 1258 923 1323 leges.

355 1331 395 1380 Tu
405 1331 505 1380 Domini
520 1345 629 1387 nomen,
645 1328 762 1393 Principis
772 1329 814 1379 ille
831 1341 900 1379 tenet

317 1402 357 1454 Te
367 1404 458 1455 Remus
471 1404 584 1461 incusat,
604 1402 699 1451 veniam
711 1402 778 1452 dedit
792 1401 898 1451 hostibus
910 1402 962 1462 ilde.

358 1476 487 1529 Caelestem
502 1478 561 1527 fecit
576 1489 603 1528 te
617 1474 709 1534 Pater,
726 1476 770 1525 ille
787 1474 895 1525 Patrem.

258 1563 306 1613 145
320 1550 390 1603 JAM
406 1568 465 1615 puer
475 1552 554 1601 ldaeus
569 1549 650 1600 medii
663 1562 735 1600 tenus
746 1548 838 1599 eminet
852 1549 932 1606 alvo,

354 1623 384 1671 Et
395 1625 515 1689 liquidas,
529 1624 606 1672 mixto
620 1623 735 1678 uediare,
749 1621 827 1671 sundit
840 1639 924 1687 aquas.

317 1695 355 1747 En
367 1697 457 1754 etiam,
474 1696 495 1744 si
512 1694 563 1759 quis
575 1696 672 1743 Borean
682 1695 782 1741 horrere
799 1694 911 1753 solebat,

355 1766 486 1817 Gaudeat:
499 1784 512 1814 a
523 1765 644 1831 Zephyris
659 1765 755 1815 mollior
769 1782 826 1815 aura
838 1769 916 1820 venit.

318 1839 474 1904 QUINTUS
492 1841 522 1888 ab
533 1838 654 1904 aequoreis
667 1838 768 1889 nitidum
782 1836 851 1902 jubar
861 1840 950 1892 extulit
959 1839 1030 1891 undis

259 1927 310 1977 150
357 1912 475 1971 Lucifer,
494 1910 602 1979 &primi
613 1924 723 1978 tempora
732 1912 797 1963 veris
811 1928 881 1965 eunt.

317 1986 357 2036 Ne
367 1986 451 2036 lallare
461 2000 542 2036 tamen
554 2018 561 2043 ,
578 1985 669 2037 restant
677 1986 722 2037 tibi
734 1987 823 2055 frigora
845 2005 851 2038 :
869 1986 978 2047 restant,

353 2059 491 2128 Magnaque
504 2059 631 2111 discedens
642 2060 710 2128 signa
721 2062 836 2127 relinquit
845 2062 931 2111 hiems.

316 2131 474 2184 TERTIA
491 2151 541 2184 nox
551 2134 633 2183 veniat
647 2151 655 2183 a
670 2134 801 2183 Custodem
813 2135 924 2198 protinus
935 2133 1010 2187 Ursae
1023 2138 1028 2147 ‘

352 2206 460 2271 Aspicies
474 2207 583 2273 geminos
597 2205 725 2255 exseruisse
737 2206 822 2271 pedes.

257 2278 387 2342 1551nter
402 2279 583 2348 Hamadryadas
598 2277 811 2344 jaculatricemque
825 2275 929 2325 Dianam
961 2322 967 2330 ,

355 2349 456 2403 Callisto
472 2353 531 2402 sacri
546 2369 601 2417 pars
617 2352 663 2403 fuit
680 2368 727 2400 una
744 2350 822 2399 chori.
850 2398 853 2402 ,

316 2424 361 2477 illa
373 2425 436 2475 Deae
447 2437 549 2491 tangens
564 2442 653 2481 arcus,
671 2424 741 2487 Quos
753 2422 889 2487 tangimus,
906 2433 980 2472 arcus
992 2454 1005 2483 ,

352 2498 406 2547 Este
422 2514 485 2547 meae
499 2498 572 2547 testes
587 2497 751 2563 virginitatis,
770 2494 813 2542 ait.

317 2569 423 2637 Cynthia
438 2571 560 2628 laudavit,
579 2568 739 2631 Promislaque
755 2566 847 2615 loedera
861 2563 951 2623 serva,

256 2642 305 2697 160
353 2641 385 2692 Et
400 2644 516 2694 comitum
528 2644 642 2709 princeps
652 2655 681 2692 tu
692 2639 749 2688 mihi
762 2672 769 2695 ,
791 2637 870 2695 dixit,
891 2637 952 2689 eris,

302 2714 418 2768 -Foedera
434 2716 566 2775 servasset,
584 2717 604 2765 si
619 2733 668 2765 non
683 2710 785 2764 formosa
800 2708 890 2760 suisset,

352 2787 426 2837 Cavit
438 2790 575 2845 mortales,
593 2789 624 2837 de
641 2787 705 2839 Jove
719 2784 808 2833 crimen
824 2783 910 2836 habet.

312 2861 386 2915 Mille
401 2862 465 2912 seras
476 2860 569 2912 Phoebe
584 2860 651 2911 silvis
665 2868 752 2905 venata
767 2856 883 2915 redibat,

206 2989 209 2994 ,
351 2936 403 2985 Aut
413 2936 465 3000 plus
478 2965 485 2995 ,
507 2947 548 2984 aut
559 2933 662 2982 medium
673 2929 723 2978 sole
734 2940 835 2980 tenente
846 2930 922 2987 diem.

254 3006 285 3062 16
290 3024 302 3075 5
315 3009 351 3061 Ut
363 3008 540 3076 tetigit-lurum
552 3037 560 3065 ,
580 3002 654 3055 densi
664 3005 732 3071 niger
742 3002 798 3054 ilice
809 3005 899 3065 lucus,
950 3031 953 3034 Χ

350 3082 379 3145 ln
394 3081 476 3135 medio
490 3080 577 3151 gelide
592 3078 650 3130 sous
662 3089 716 3129 mat
729 3079 793 3153 altus
804 3094 884 3147 aquae,
