2367 3942
319 440 394 533 376
440 437 482 508 P.
511 437 705 506 Ονιυιι
732 437 969 506 Nasonis

254 571 286 605 20
292 571 303 619 5
318 555 369 605 Tot
385 554 448 611 tibi,
465 570 503 603 vae
518 553 524 602 l
540 553 626 604 misero
643 555 743 605 venient
758 556 871 620 talesque
886 555 982 612 ruinae‚

353 628 388 678 Ut
403 628 459 694 cogi
474 627 499 676 in
514 628 631 693 lacrymas
646 644 684 676 me
700 643 796 693 quoque
812 627 880 692 poife
894 640 989 692 putem.

314 700 366 750 111ae
383 716 421 750 me
435 702 546 767 lacrymae
562 701 652 749 facient
664 700 715 749 sine
731 698 779 748 fine
795 702 916 751 beatum:
983 721 986 729 ¹

351 774 455 823 Dulcior
468 774 507 821 hic
522 773 570 822 risu
586 784 636 822 tum
653 773 711 822 mibi
726 772 797 822 fletus
813 773 872 822 erit.
969 767 973 773 ’

315 846 394 896 Natus
411 863 437 896 es
453 845 536 899 infelix
548 861 555 895 ε
567 846 601 894 ita
617 843 651 895 Di
666 846 785 903 voluere,
804 861 852 894 nec
866 846 920 894 ulla

253 932 306 969 210
354 918 487 968 Commoda
504 919 610 968 nascenti
625 917 708 976 stella,
724 917 839 975 levisve,
857 918 918 968 fuit.

314 991 372 1041 Non
388 993 473 1042 Venus
489 990 597 1048 affulsit,
617 1007 665 1039 non
682 990 722 1040 ille
737 989 851 1056 iuppiter
866 990 956 1042 horit

352 1064 451 1114 Lunave
467 1081 515 1113 non
531 1077 588 1129 apto
605 1064 680 1114 Solve
696 1064 764 1113 fuere
780 1063 851 1112 loco.

316 1137 370 1187 Nec
384 1136 438 1186 fatis
454 1137 546 1186 utiliter
561 1138 655 1202 positos
670 1135 713 1185 tibi
726 1135 830 1202 praebuit
842 1135 937 1200 ignes,

352 1208 433 1272 Quem
446 1209 541 1275 peperit
554 1225 641 1276 magno
657 1208 736 1258 lucida
754 1207 821 1256 Maia
835 1206 906 1258 Jovi.

257 1294 304 1342 215
318 1282 356 1332 Te
367 1283 417 1331 fera
427 1315 435 1338 ,
446 1299 492 1332 nec
502 1283 630 1348 quidquam
640 1281 759 1346 placidum
769 1279 932 1346 spondentia,
944 1279 1030 1331 Martis

353 1355 436 1404 Sidera
452 1355 603 1419 presserunt,
621 1355 772 1420 falciferique
788 1353 870 1403 Senis.

317 1427 370 1478 Lux
384 1442 480 1494 quoqne
495 1427 580 1477 natalis
592 1438 604 1484 ,’
618 1443 649 1476 ne
664 1426 720 1493 quid
734 1425 779 1474 nisi
794 1424 861 1474 triste
880 1424 982 1476 videres
994 1459 1003 1486 ,

352 1501 459 1565 Turpis,
479 1501 505 1552 &
522 1499 622 1550 induflis
638 1500 738 1548 nubibus
754 1509 805 1547 atra
823 1497 882 1547 fuit.

317 1572 378 1623 ilaec
393 1573 445 1633 eii,
464 1572 489 1623 in
504 1573 576 1623 Fastis
594 1573 633 1622 cui
649 1572 690 1621 dat
700 1570 782 1638 gravis
798 1566 870 1619 Allia
881 1587 999 1632 nomem

257 1660 308 1693 220
357 1646 467 1711 Quaeque
483 1647 535 1697 dies
550 1647 622 1704 lbin,
641 1644 737 1711 publica
754 1643 838 1692 damna
852 1674 860 1700 ,
878 1644 950 1696 tulit.

318 1717 368 1782 Qui
384 1720 472 1775 simul.
487 1719 579 1784 impuri
592 1719 674 1768 matris
689 1714 812 1782 prolapsus
830 1716 860 1765 ab
878 1717 939 1766 alvo
954 1750 963 1777 ,

356 1790 499 1857 Cinyphiam
515 1791 582 1841 foedo
599 1807 703 1855 corpore
717 1788 806 1854 pressit
822 1788 927 1841 humum
940 1807 951 1850 3

319 1863 386 1913 Sedit
400 1864 425 1912 in
440 1863 539 1911 adverso
557 1863 687 1912 nodiumus
704 1861 807 1911 culmine
824 1862 915 1924 bubo,

353 1936 514 2001 Funereoque
530 1951 614 2002 graves
632 1934 707 1984 edidit
721 1950 765 1984 ore
781 1933 868 1985 sonore

259 2023 308 2069 225
323 2007 435 2058 Protinus
451 2009 596 2059 Eumenides
610 2010 692 2058 lavere
707 2006 849 2073 palustribus
864 2007 956 2069 ulvis,

356 2081 413 2146 Qui
428 2100 486 2132 cava
501 2083 530 2131 de
547 2082 636 2148 Stygiis
652 2082 754 2130 fluxerat
769 2080 833 2129 unda
848 2082 924 2132 vadis
937 2099 949 2141 ς

320 2153 468 2221 Pedoraque
486 2167 606 2204 unxerunt
622 2154 722 2204 Erebdae
739 2153 796 2202 felle
813 2155 952 2216 colubrae,

331 2230 333 2233 ’
357 2229 456 2294 Terque
471 2240 607 2278 cruentatas
625 2228 767 2291 increpuere
783 2242 892 2277 manus:

323 2301 476 2368 Gutturaque
493 2302 630 2350 imbuerunt
647 2296 745 2349 infantia
763 2297 828 2347 laete
844 2300 952 2354 canino.

259 2386 311 2438 230
359 2374 407 2423 Hic
422 2376 511 2440 primus
527 2373 596 2439 pueri
612 2373 679 2423 venit
694 2372 719 2420 in
734 2387 777 2420 orn
792 2371 876 2422 cibus.

278 2489 281 2494 .
322 2444 429 2497 Perbibit
445 2447 501 2496 inde
517 2448 564 2496 suae
581 2445 671 2495 rabiem
688 2444 788 2494 nutricis
803 2444 921 2498 alumnus
935 2463 948 2505 ς

358 2519 439 2568 Latrat
456 2521 481 2568 dt
497 2520 521 2566 in
538 2531 595 2567 toto
610 2520 683 2568 verba
699 2516 782 2566 canina
798 2514 867 2568 foro.

319 2591 479 2656 Membraque
495 2591 625 2639 vinxerunt
639 2591 723 2640 tinctis.
736 2588 862 2655 ferrugine
880 2593 1002 2656 pannis,

358 2663 385 2713 A«
396 2665 458 2713 male
476 2664 572 2714 deserto
588 2679 649 2729 quos
665 2677 767 2729 rapuere
783 2676 857 2728 rogo.

258 2748 308 2798 235
323 2735 374 2791 Et,
392 2751 423 2786 ne
440 2753 489 2786 non
505 2738 592 2786 fultum
607 2735 670 2786 nudi
684 2737 773 2785 tellure
789 2733 911 2800 jaceret,

356 2809 436 2859 Molle
451 2810 520 2874 super
537 2809 618 2858 silices
634 2809 770 2872 imposuere
785 2820 872 2871 caput.

319 2879 420 2948 Jamque
431 2881 558 2933 'receffurae
572 2881 644 2929 viridi
660 2881 691 2930 de
708 2880 785 2946 stipite
801 2879 881 2932 tactas
934 2919 938 2929 .

356 2954 494 3006 Admdrunt
510 2954 587 3006 oculis
604 2952 735 3019 utque‘sub
754 2969 796 3002 ora
812 2952 895 3004 faces.

319 3022 425 3086 Flebat,
439 3043 467 3079 ut
483 3028 516 3078 est
531 3027 610 3077 infans
619 3025 695 3075 'fumis
711 3024 835 3076 eontaflus
854 3029 973 3093 amatis,

258 3106 311 3153 ²40
357 3099 399 3153 De
416 3102 492 3156 tribus
509 3097 615 3154 eli-eun
628 3099 664 3152 sit
681 3113 727 3158 una
745 3100 827 3156 locuta
845 3101 943 3160 Soror.

208 3262 276 3468 b
