2367 3942
304 457 381 532 274
419 437 463 505 Ρ.
487 437 686 506 Ονιυιι
711 435 946 504 Nasonis

303 559 355 610 Aur
369 559 436 614 boc,
452 567 495 606 aut
507 554 566 604 nihil
582 553 636 612 est,
654 569 700 620 pro
716 568 755 602 me
770 563 866 602 tentare
881 553 996 605 modeste

341 631 428 682 Gratia
441 629 507 696 quod
523 629 588 677 salvo
602 626 680 676 veslra
694 625 789 691 pudore
804 638 888 691 queat.

304 704 421 768 suscipe,
439 703 554 752 Romane
568 699 700 758 facundia,
719 697 845 757 Maxime,
863 699 976 766 lingue,

200 795 204 800 ’
260 796 295 844 70
343 774 456 827 Difficilis
471 774 547 824 causae
561 773 621 822 mite
636 771 805 839 patrocinium.

305 850 344 901 Est
357 851 419 898 mala
433 865 441 899 r
456 847 575 898 confiteor
588 861 597 896 ε
611 845 652 895 sed
667 857 693 894 te
710 845 774 894 bona
789 842 834 894 fiet
848 856 951 910 agente.

341 923 416 972 Lenia
432 938 478 988 pro
494 919 630 977 miserisne
647 913 720 967 modd
736 917 812 966 verba
828 917 895 982 sugi-

304 995 390 1046 Nescit
404 995 467 1044 enim
484 991 584 1049 Caesar,
598 989 704 1058 quamvis
721 989 791 1038 Deus
807 991 888 1039 omnia
903 989 991 1052 norit,

342 1068 448 1118 Ultimus
464 1066 503 1116 hic
520 1065 567 1132 qui
581 1066 613 1114 sit
628 1063 768 1113 conditione
784 1063 864 1112 locus.

262 1157 295 1206 75
308 1142 399 1208 Magna
412 1151 500 1189 tenent
512 1138 571 1188 illud
584 1153 665 1186 rernm
683 1135 804 1184 molimina
823 1152 934 1188 numen:

343 1213 403 1264 Haec
419 1213 453 1262 est
468 1211 558 1262 coelesli
575 1210 674 1276 pedore
691 1209 850 1259 comminor.

268 1279 279 1300 ⁶
307 1289 363 1338 Nec
379 1299 469 1342 vacat,
483 1286 508 1333 in
524 1283 570 1350 qui
583 1284 632 1331 sint
647 1282 721 1347 positi
734 1281 835 1348 regione
851 1281 980 1344 Tomite,

343 1359 481 1424 Querere,
498 1356 600 1406 finitimo
617 1357 657 1404 vix
673 1357 728 1404 loce
743 1366 800 1404 note
817 1355 900 1408 Geta.

307 1436 357 1482 Aut
374 1433 432 1500 quid
448 1431 594 1481 sauromatae
610 1427 700 1478 faciant
711 1462 719 1487 ,
732 1428 789 1493 quid
807 1428 908 1494 lazyges
924 1425 1014 1490 acres',

264 1505 298 1555 80
349 1505 470 1571 Cultaque
486 1503 594 1554 Oressdae
607 1501 711 1551 Taurica
727 1512 792 1550 terra
806 1499 878 1550 Dea.

309 1576 420 1645 Quaeque
435 1579 486 1628 aliae
501 1588 605 1644 gentes,
621 1575 663 1623 ubi
675 1574 766 1642 frigore
780 1573 885 1624 constitit
901 1573 978 1634 liter,

343 1652 411 1700 Dura
427 1663 507 1699 meant
523 1649 617 1705 celeri,
633 1661 701 1714 terga
717 1663 761 1712 per
777 1647 868 1704 amnis,
885 1663 961 1712 equo.

305 1723 412 1772 Maxima
423 1738 477 1788 pars
488 1722 610 1771 hominurn
621 1737 668 1769 nec
678 1732 720 1778 te,
730 1719 904 1784 pulcherrima,
915 1735 1016 1781 curant,

342 1793 438 1851 Romu
456 1809 502 1843 nec
517 1793 617 1842 Ausonii
630 1791 711 1840 militis
728 1807 792 1840 erma
807 1792 900 1841 timent.

263 1867 278 1916 8
284 1881 295 1928 5
310 1866 376 1917 Dant
392 1867 484 1915 animos
499 1881 569 1914 arcus
583 1865 631 1912 illis
644 1865 769 1929 pleneque
785 1865 925 1932 pharetram

344 1938 471 2006 Quinque
488 1939 547 1988 libet
563 1937 642 2004 longis
658 1937 767 1988 cursibus
784 1950 853 2002 aptus
871 1954 956 2004 equus.

307 2010 431 2079 Quodque
447 2012 510 2063 ritirn
524 2012 632 2062 didicere
644 2010 683 2060 diu
699 2013 804 2060 tolerare
821 2011 956 2076 famemque
969 2029 982 2069 ς

344 2085 469 2152 Quodque
485 2086 585 2152 sequens
601 2085 677 2136 nullas
692 2084 762 2134 hostis
778 2083 876 2132 habebit
892 2101 978 2150 aquas,
1074 2083 1076 2088 '

306 2157 345 2208 ira
360 2159 410 2208 Dei
427 2160 489 2210 mitis
504 2175 552 2209 non
567 2173 606 2206 me
621 2155 716 2206 misisset
732 2155 855 2213 inillam,

263 2243 298 2294 90
347 2231 372 2282 si
389 2232 443 2281 satis
458 2234 510 2280 haec
526 2231 561 2279 illi
576 2241 635 2278 nota
652 2227 750 2286 fuisset,
769 2229 876 2278 humum.

307 2303 363 2354 Nec
372 2321 411 2353 me
423 2336 430 2363 ‚
443 2320 490 2354 nec
500 2317 642 2369 quemquam
652 2301 786 2352 Romanum
799 2302 888 2367 gaudet
898 2304 927 2350 ab
939 2301 1015 2364 hoste,

344 2375 438 2443 Meque
452 2376 529 2430 minus
540 2408 549 2432 ,
562 2375 635 2424 vitam
653 2374 692 2424 cui
708 2375 774 2423 dedit
788 2373 857 2438 ipse,
875 2375 962 2440 premi.

308 2449 413 2506 Noluit,
434 2462 462 2498 ut
477 2459 595 2512 poterat,
614 2446 710 2496 minimo
726 2464 764 2496 me
779 2448 880 2511 perdere
898 2461 969 2498 nutu.

343 2519 384 2568 Nil
398 2536 460 2584 opus
474 2519 508 2568 esi
524 2519 577 2568 ullis
592 2519 618 2568 in
632 2535 685 2568 mea
701 2519 749 2567 fara
767 2517 849 2566 Getis.

245 2591 1014 2659 95Sedneque,curmorerer,quidquamrnilnicornperitastum:

343 2666 397 2714 Nec
412 2665 490 2720 minus
505 2664 621 2724 infestus,
641 2671 711 2729 quarn
724 2663 787 2719 suit,
805 2663 851 2711 elle
865 2662 952 2731 potest.

306 2736 370 2786 Tum
382 2753 479 2804 quoque
490 2738 524 2786 nil
533 2737 613 2796 fecit„
630 2737 674 2787 nisi
689 2736 753 2802 quod
769 2735 850 2786 facere
862 2736 913 2803 ipso
924 2739 1015 2808 εοὲςί,

344 2808 414 2860 Paene
431 2812 502 2865 etiem
519 2811 606 2859 merito
622 2809 718 2874 parcior
732 2810 766 2860 ira
782 2825 848 2859 meo.

307 2880 342 2933 Di
357 2876 445 2934 saciant
461 2883 552 2952 igitur,
570 2899 672 2950 quorum
688 2881 824 2936 mitissimue
840 2883 891 2948 ipse
905 2883 959 2947 esi,

263 2969 313 3007 too
360 2957 430 3007 Alma
445 2957 505 3007 nihil
520 2953 596 3020 majus
610 2955 704 3006 Caesare
720 2968 785 3006 terra
801 2958 874 3006 ferat.

304 3030 388 3095 thue
403 3031 443 3081 diu
460 3031 502 3080 sttb
517 3047 549 3080 eo
564 3031 596 3079 sit
609 3030 706 3098 publiea
722 3030 810 3080 set-cina
827 3039 929 3082 retum}

339 3102 433 3176 Perque
447 3118 534 3156 minut
544 3103 722 3173 nujus-neutra
739 3103 821 3174 gentis
836 3115 889 3156 ecta
