2367 3942
297 406 346 482 52
395 380 436 449 P.
463 376 654 445 Orrnrr
679 364 910 431 NAsonrs

295 506 331 563 Di
343 516 438 570 quoque
451 494 599 561 templorum
608 486 701 537 loribus
715 481 827 531 celentur
837 472 929 540 operris
941 485 952 529 3

334 578 402 627 Ture
417 580 506 621 vicent
517 582 582 621 arae,
602 560 712 623 sientque
728 554 781 603 sine
795 550 851 616 igne
865 546 924 595 soci.

241 664 288 732 565
301 660 373 709 Nunc
384 648 467 697 animae
477 654 564 691 tenues
576 668 584 694 ,
605 634 744 695 &corpora
759 623 839 673 sunda
849 615 981 683 sepulcris,

337 726 443 777 Errant:
455 730 518 766 nunc
528 710 611 779 posito
624 704 729 772 pascitur
740 697 823 746 umbra
836 693 900 741 cibo.

301 806 357 857 Nec
367 810 447 846 tamen
456 792 509 839 haec
519 786 582 835 ultra
591 815 599 839 ,
614 781 685 845 quim
694 784 734 823 tot
743 771 774 819 de
783 766 864 818 mense
875 760 990 827 supersint

264 874 276 917 ⁸
339 864 465 922 Luciferi,
482 870 543 927 quot
556 856 647 905 habent
661 846 764 899 carmina
779 838 857 891 nosira
870 835 956 902 pedes.

304 950 375 1002 Hanc
386 975 393 1001 ,
412 938 466 1007 quia
479 932 538 1001 justa
549 930 632 979 serunt
643 958 651 983 ,
668 922 751 971 disere
761 912 857 964 Feralia
868 912 959 960 lucem.

345 1016 439 1069 Ultima
450 1004 572 1076 placandis
584 998 693 1050 manibus
704 992 745 1041 illa
760 988 822 1036 dies.

307 1096 373 1149 Ecce
384 1102 442 1137 anus
454 1084 479 1132 in
493 1076 580 1129 mediis
593 1071 702 1123 residens
717 1060 805 1113 annosa
818 1053 926 1123 puellis,

345 1166 419 1216 Sacra
432 1154 491 1207 facit
499 1149 592 1200 Tacite
604 1160 612 1195 t
624 1143 666 1193 vix
680 1152 761 1188 tamen
771 1133 821 1198 ipsa
831 1139 910 1179 tacet.

310 1242 342 1295 lit
357 1231 437 1302 digitis
453 1227 500 1277 tria
511 1236 566 1273 tura
581 1218 657 1268 tribus
672 1212 713 1262 sub
728 1207 809 1258 limine
823 1201 910 1269 ponit,

259 1311 262 1319 ’
347 1310 405 1375 Qui
413 1300 494 1353 brevis
504 1294 627 1347 occultum
641 1302 694 1337 mus
707 1282 752 1334 sibi
761 1278 821 1329 fecit
829 1277 888 1324 iter.

314 1389 380 1439 Turn
390 1386 491 1433 ,centua
505 1370 564 1437 ligat
578 1380 633 1414 turn
645 1358 714 1410 lusco
725 1354 781 1404 licia
794 1348 919 1402 rhombo,

350 1458 383 1509 Et
394 1454 486 1518 septem
498 1444 579 1511 nigras
592 1435 674 1488 versat
686 1432 711 1480 in
725 1444 770 1478 ore
784 1423 859 1473 sabas.

314 1530 439 1601 Quodque
446 1514 504 1589 ¹pice
518 1510 640 1581 adstrinxit
652 1541 660 1567 ,
678 1501 744 1573 quod
756 1512 803 1549 acu
816 1488 916 1558 trajecit
926 1482 1023 1543 aheni,

353 1600 474 1654 Obsutum
487 1604 570 1641 maenae
583 1592 663 1634 torret
676 1580 700 1627 in
714 1577 770 1641 igne
786 1577 869 1633 caput.

315 1680 382 1734 Vina
393 1682 489 1738 quoque
499 1659 594 1712 insiillat
603 1670 611 1703 s
620 1651 670 1699 vini
679 1646 849 1714 quodcumque
858 1633 969 1686 relisium
979 1628 1027 1688 eii,

278 1762 311 1812 30
358 1747 409 1799 Aut
422 1740 489 1807 ipsa,
504 1742 546 1782 aut
560 1726 682 1779 comites,
696 1720 751 1785 plus
763 1727 846 1764 tamen
857 1709 906 1775 ipsa
917 1740 926 1767 ,
939 1706 1011 1755 bibit.
1072 1741 1073 1750 ,

320 1818 426 1877 lloliiles
441 1813 533 1876 linguas
548 1799 693 1861 inindcaque
707 1788 824 1841 vinximus
839 1799 904 1840 ora,

354 1889 429 1945 ¹Dicit
445 1878 588 1935 discedens,
606 1869 721 1937 ebriaque
733 1862 786 1913 exit
798 1872 869 1909 anus.

324 1966 435 2025 Forsitan
451 1952 568 2008 anobis,
588 1960 642 2013 que
656 1941 689 1992 sit
701 1938 759 1989 Dea
773 1932 862 1988 Muta,
878 1922 1001 1991 requiras.

361 2037 455 2094 Disce,
471 2044 516 2098 per
531 2021 643 2087 antiquos
660 2032 714 2082 quae
727 2008 787 2062 mihi
802 2016 862 2058 nota
874 1999 955 2051 senes.

264 2126 315 2199 585
327 2112 438 2181 luppiter
452 2097 570 2161 indomito
584 2092 694 2147 Iuturna
708 2096 793 2151 captus
808 2090 891 2128 amore

365 2184 446 2238 Multa
460 2176 536 2230 tulit,
552 2178 623 2219 tanto
637 2179 688 2215 non
699 2153 813 2226 patienda
826 2150 898 2199 Deo.

329 2264 375 2317 illa
388 2250 466 2308 modd.
474 2250 500 2301 in
514 2244 580 2296 silvis
594 2240 658 2289 inter
672 2232 783 2299 coryleta
793 2220 905 2273 latebatt

367 2334 439 2385 Nunc
452 2326 478 2376 in
493 2326 607 2387 cognatas
621 2308 748 2360 desiliebat
760 2310 843 2364 aquus.

798 2372 912 2425 reumque
919 2356 1031 2407 tenebas
1040 2368 1049 2406 t

246 1046 296 1101 570

281 2866 329 2920 595
341 2846 397 2899 Vos
412 2836 447 2889 illi
461 2822 574 2894 inprimi
588 2815 693 2885 fugienti
709 2806 815 2861 obsistite
830 2798 902 2868 ripd,

313 2930 315 2937 ’
376 2916 417 2968 Ne
434 2908 474 2961 sin
486 2892 600 2954 fluminet
613 2902 719 2956 corpora
733 2878 827 2947 mergat
841 2872 913 2941 aqui.

277 3032 278 3035 =
342 2992 466 3045 Dixerat:
479 2978 616 3027 annuerunt
630 2977 716 3013 omnes
728 2949 881 3007 Tiberinides
895 2941 975 2998 udae,

378 3061 491 3129 Quaque
506 3046 592 3101 colunt
606 3038 747 3096 thalamos,
761 3028 808 3083 llia
822 3023 897 3078 dira,
912 3026 990 3067 tuos.
