2367 3942
286 399 331 470 18
375 398 416 467 P.
445 398 638 467 Orion
662 395 895 469 Nasonis

282 520 372 577 Salve,
389 520 446 569 leta
457 518 507 569 dier
519 550 528 575 .
546 517 680 583 meliorque
691 530 816 569 revertere
829 518 935 584 semper,

319 594 341 643 A
354 594 444 659 populo
454 609 534 641 rerum
546 592 617 657 digna
627 604 728 657 potente
739 590 798 641 coli.

283 666 365 733 Quem
375 678 456 715 tamen
471 664 517 715 eise
529 665 612 715 Deum
621 676 648 714 te
661 664 738 714 dicem
749 696 758 721 ‚
774 663 835 715 June
844 663 963 716 biformi

238 748 272 801 90
320 741 380 791 Nam
391 740 434 789 ribi
445 756 487 805 par
498 740 588 787 nullum
602 738 699 789 Gracia
711 754 801 787 numen
810 738 895 791 habet.

281 812 332 863 Ede
344 812 412 862 simul
424 811 534 869 causam,
553 828 598 861 cur
607 811 637 859 de
651 809 793 860 Coelessibus
805 827 865 862 uuus
877 845 885 869 ,

318 886 401 951 Sitque
413 884 477 951 quod
489 902 502 933 a
513 897 585 952 tergo
596 916 605 941 ,
620 884 700 949 sitque
710 883 775 948 quod
785 896 842 933 ante
853 915 861 940 ‚
875 882 950 936 vides.

282 957 343 1008 Haec
355 974 402 1024 ego
415 956 467 1009 cum
478 957 559 1007 sumtis
570 957 688 1024 agitarem
697 968 778 1006 mente
789 957 884 1007 tabellis
895 974 907 1017 3

319 1030 433 1081 Lucidior
445 1030 494 1079 visa
505 1030 557 1089 est,
575 1032 646 1095 quim
654 1029 701 1079 fuit
711 1040 788 1086 ante,
804 1029 901 1080 domur.

238 1118 253 1169 9
259 1119 270 1165 5
282 1102 346 1155 Tum
357 1104 442 1163 sacer,
460 1103 559 1167 ancipiti
572 1101 692 1151 mirandus
702 1101 825 1169 imagine,
843 1100 920 1155 Jauue

318 1178 376 1228 Bina
390 1192 477 1241 repens
490 1176 567 1226 oculis
578 1174 666 1224 obtulit
676 1191 720 1224 ora
733 1174 804 1226 meis.
963 1232 967 1239 Ι

283 1250 421 1316 Obstupui,
440 1250 550 1315 sensique
564 1261 633 1297 metu
640 1246 737 1314 riguiffe
751 1248 875 1313 caprilos:

319 1324 350 1373 Et
361 1324 467 1391 gelidum
482 1324 560 1373 subito
570 1321 662 1387 frigore
673 1320 757 1385 pekius
770 1334 833 1372 erar.

283 1398 327 1447 ille
341 1410 428 1448 renem
442 1396 528 1447 dextri
538 1396 669 1452 baculum,
688 1395 831 1462 clavemque
844 1391 954 1453 christri.

225 1483 273 1519 100
321 1470 400 1521 Edidit
413 1472 460 1522 hos
469 1470 539 1522 nobis
554 1484 597 1519 ore
610 1467 692 1533 priore
703 1467 784 1518 sonos.

283 1543 357 1593 Disce
368 1578 378 1603 ,
394 1557 461 1595 meru
473 1546 575 1611 posito,
592 1554 663 1593 vates
673 1540 777 1606 operose
788 1539 881 1591 dierum
892 1572 902 1598 ,

321 1616 396 1680 Quod
406 1618 470 1682 petis
482 1632 490 1665 τ
505 1620 531 1666 &
541 1631 617 1664 voces
630 1614 729 1678 percipe
742 1626 823 1663 mente
832 1628 909 1663 meas·

283 1688 328 1739 Me
341 1688 424 1739 Chaos
434 1688 542 1753 antiqui,
559 1702 613 1735 nam
622 1700 663 1733 res
672 1684 721 1731 sum
733 1683 808 1746 prisca
818 1715 828 1740 ,
842 1685 977 1737 vocabant.

321 1760 408 1826 Aspice
419 1794 427 1820 ,
445 1764 514 1827 quim
525 1757 591 1823 longi
604 1756 721 1819 temporis
731 1753 783 1803 asta
793 1770 885 1804 canam.

226 1850 256 1884 10
261 1850 272 1899 5
286 1834 391 1885 Lucidus
400 1834 440 1883 hic
451 1834 492 1883 r'e'r
503 1865 511 1890 ,
530 1830 573 1885 δι,
593 1842 647 1893 que
656 1826 703 1877 tria
713 1827 935 1892 corporarestant.

322 1908 405 1973 Ignis,
421 1922 507 1971 aquae,
523 1903 614 1958 tellus,
633 1915 694 1949 unus
709 1916 810 1950 acervus
823 1912 903 1955 erant.

187 2024 191 2031 .
285 1979 322 2031 Ut
335 1980 358 2028 se
398 1982 405 2029 1
416 1979 468 2029 hec
480 1992 560 2027 rerum
570 1973 670 2023 secessit
682 1973 725 2024 lire
738 1972 852 2033 suarum.

321 2052 396 2117 Inque
408 2067 482 2101 novas
493 2048 550 2099 abur
560 2045 630 2097 maiia
641 2047 718 2097 soluta
730 2048 816 2098 domos
827 2065 836 2108 ς

285 2126 389 2176 Flamma
404 2122 465 2189 petit
476 2125 549 2173 altum
560 2155 568 2179 ‚
587 2120 687 2187 propior
696 2121 767 2171 lo’cus
777 2122 833 2171 aira
846 2118 912 2185 cepit
923 2135 934 2173 e

226 2212 234 2246 ι
245 2211 274 2246 ιο
322 2198 444 2247 Sederunt
456 2196 537 2247 medio
550 2206 617 2244 terra
630 2193 767 2257 fretumque
780 2192 842 2241 solo.

284 2271 356 2320 Tunc
365 2288 429 2338 ego,
438 2271 478 2337 qui
488 2270 581 2319 fueram
590 2266 676 2332 globus
685 2298 693 2323 ‚
701 2264 726 2314 &
735 2263 787 2313 sine
796 2264 898 2330 imagine
906 2262 1011 2326 moles,

319 2344 347 2393 ln
362 2344 451 2394 faciem
459 2343 521 2393 redii
536 2341 653 2407 dignaque
664 2339 769 2386 membra
780 2337 848 2386 Deo.

284 2418 481 2484 Nuncffiquoque,
496 2412 601 2464 confuse
612 2412 731 2477 quondam
742 2421 800 2458 nota
811 2425 884 2474 parva
893 2405 1009 2475 figure,

319 2488 386 2540 Ante
397 2488 462 2556 quod
472 2486 505 2537 est
515 2487 540 2536 in
553 2487 612 2541 me',
628 2482 727 2549 postque
739 2480 838 2531 videtur
848 2481 924 2533 idem.

226 2574 254 2612 ιι
261 2576 273 2625 5
288 2561 380 2628 Accipe
392 2595 399 2620 ,
419 2560 525 2627 quaesita
537 2575 590 2623 quae
603 2554 672 2606 causa
681 2556 714 2606 sit
723 2555 800 2604 nitere
811 2554 918 2613 forma-„3

321 2634 392 2685 Hanc
405 2634 475 2684 simui
485 2644 513 2682 ut
525 2630 591 2683 noris
604 2662 613 2687 ‚
630 2626 784 2693 officiumque
798 2643 886 2677 meum.

287 2707 408 2774 Quicquid
417 2707 505 2773 ubique
513 2705 583 2754 vides
590 2703 694 2760 ,coeium
701 2716 781 2759 ‚mare
788 2734 798 2758 ‚
805 2700 884 2750 nubila
892 2732 899 2757 ‚
907 2711 1014 2762 terrm

323 2780 412 2831 Omnia
423 2781 476 2830 sum
486 2776 565 2827 nostri
575 2775 653 2825 clausa
664 2808 673 2831 ,
690 2784 841 2839 patentque,
858 2791 947 2830 manu.

238 2854 242 2861 '
286 2853 330 2903 Mo
347 2870 422 2919 penes
434 2850 467 2902 est
478 2868 551 2901 unum
564 2848 622 2898 vasti
633 2844 737 2897 custodia
747 2847 851 2906 mundi;

228 2941 277 2976 ιω
327 2926 358 2975 Et
374 2924 412 2989 jus
424 2926 534 2977 vertendi
544 2921 647 2973 cardinis
658 2936 730 2971 omne
745 2936 823 2971 meum
837 2920 881 2975 eu.

278 2996 349 3049 ,Cum
361 2999 432 3049 libuit
443 2998 529 3048 Pacem
545 2995 645 3062 placidis
656 2993 767 3043 emittere
781 2994 852 3045 tedis
863 3028 876 3054 ,

325 3073 410 3123 Libera
426 3085 554 3139 perpetuas
567 3069 673 3119 ambulat
687 3068 728 3117 ina
741 3066 802 3121 viar.
