2367 3942
119 150 1066 216 —

299 278 329 327 1

225 460 536 531 Fnsronun
562 456 668 525 Lrn.
696 458 781 527 ΙΙΙ.
830 458 880 550 65

172 577 321 644 Quinetiam
338 591 420 645 partes
436 578 541 628 totidem
556 577 705 628 Titiensibus
719 577 803 637 idem,

208 654 326 718 Quosque
341 664 433 701 vomnt
448 652 570 709 Ramnes,
585 651 768 717 Luceribusque
783 650 861 701 dedit.

173 724 283 777 Assuetos
298 726 372 793 igitur
388 742 500 775 numeros
516 724 619 774 servavit
634 724 660 773 in
673 740 747 774 anno.

191 784 263 849 *Hoc
278 801 347 865 luget
361 798 437 863 spatio
451 798 539 848 semina
553 797 632 869 maesia
646 798 735 847 vinam.

172 871 224 922 Neu
240 872 356 929 dubites,
375 871 456 935 primae
471 872 562 921 suerint
575 872 633 937 quin
647 882 704 921 ante
717 870 829 921 kalenda
893 881 942 936 135

205 945 295 994 Martis
310 944 362 1002 3ad
378 946 430 995 haec
444 944 546 995 animum
561 945 630 1011 sigua
644 944 737 994 referre
752 957 835 1011 potes.

172 1015 265 1067 Laurea
282 1016 444 1076 flaminibus,
464 1034 517 1083 quae
533 1029 589 1066 toto
603 1016 704 1083 perstitit
716 1034 800 1076 anno,

207 1091 334 1141 Tollitur:
349 1091 374 1141 δι
388 1090 487 1141 frondes
502 1090 594 1139 suntin
609 1090 703 1140 honore
717 1107 799 1141 novae.

173 1160 246 1214 lanua
260 1180 325 1213 nunc
337 1165 403 1230 regis
417 1163 498 1229 positb
513 1162 577 1212 viret
589 1164 678 1213 arbore
691 1162 798 1223 Phoebi3

183 1241 185 1249 ⁴
208 1235 273 1287 Ante
290 1249 344 1287 tuas
357 1236 386 1287 fit
400 1237 485 1294 idem,
501 1234 576 1285 Curia
591 1236 689 1302 prisca,
704 1238 782 1287 sores.
893 1248 946 1297 140

172 1308 243 1360 Vesta
259 1326 355 1376 quoque
370 1322 399 1359 ut
412 1310 474 1359 sulio
489 1309 567 1359 niteat
578 1311 660 1359 velata
672 1310 788 1368 receuti,

206 1380 281 1433 Cedit
294 1386 325 1433 ab
339 1383 421 1434 Iliacis
434 1385 517 1432 laurea
533 1400 594 1432 cana
604 1383 676 1433 socie.

171 1452 260 1514 Adde,
278 1456 344 1522 quod
359 1456 448 1505 arcanb
462 1453 515 1503 sieri
530 1472 608 1505 nortis
622 1456 685 1520 ignis
698 1454 725 1503 in
738 1454 793 1504 aede

205 1528 306 1577 Dicitur
317 1546 327 1586 3
346 1528 372 1577 δι
383 1526 450 1575 vires
464 1527 558 1574 flamma
570 1527 662 1575 refesia
677 1526 750 1589 capit.

170 1600 224 1651 Nec
240 1600 300 1649 mihi
314 1616 388 1665 parva
402 1598 483 1655 fides,
501 1613 576 1647 annos
592 1598 649 1646 hinc
663 1597 704 1647 isse
718 1598 830 1662 priores,
896 1610 945 1658 145

204 1675 285 1723 Anna
294 1672 363 1737 quod
374 1672 424 1719 hoc
439 1682 518 1735 coepta
532 1669 566 1719 est
580 1670 661 1721 mense
675 1669 785 1721 Perenna
799 1669 857 1722 coli.

171 1746 236 1797 Hinc
253 1745 328 1795 etiam
343 1756 443 1794 veteres
456 1744 509 1797 initi
525 1750 688 1796 memorantur
700 1746 808 1796 bonores

208 1818 248 1868 Ad
263 1818 363 1883 spatium
379 1817 438 1867 belli
447 1852 455 1877 ,
472 1816 564 1884 perfide
580 1817 674 1878 Poene,
691 1819 737 1869 rui.

172 1890 287 1957 Denique
295 1892 399 1958 „quintus
414 1892 443 1941 ab
458 1892 506 1942 hoc
522 1892 603 1943 fuerat
616 1892 752 1956 Quintilis:
765 1893 791 1943 ἃ
804 1892 863 1942 inde

211 1964 315 2031 Incipit,
333 1982 347 2013 a
362 1981 464 2014 numero
479 1966 575 2015 nomina
590 1966 699 2031 quisquis
712 1967 795 2015 babet.
895 1979 946 2027 150

172 2034 283 2096 Primus,
302 2037 420 2087 oliviferis
436 2036 538 2086 Romam
552 2037 669 2087 dedublus
684 2039 714 2086 ab
729 2038 812 2097 arvis,

210 2108 340 2174 Pompilius
357 2108 451 2157 menses
466 2109 539 2158 sensit
553 2109 631 2159 abesse
648 2110 720 2161 duoa.

174 2180 229 2232 Sive
244 2184 294 2231 hoc
312 2198 327 2229 a
343 2180 425 2229 Samio
440 2179 544 2237 doetus,
564 2181 605 2247 qui
617 2180 683 2248 posse
696 2181 789 2233 renasci

211 2256 262 2305 Nos
279 2264 370 2320 putat;
389 2252 476 2319 Egeriai
492 2254 543 2305 sive
559 2266 676 2305 monente
690 2254 741 2307 suai-

175 2326 223 2377 Sed
237 2340 317 2385 tamert
332 2328 445 2377 errabant
459 2327 588 2379 etiamnum
603 2340 732 2394 tempora,
750 2328 830 2379 donec
896 2341 945 2391 155

119 2442 121 2445 .
213 2399 310 2451 Cesaris
326 2400 351 2449 in
366 2400 446 2449 multis
462 2402 515 2451 hec
530 2418 628 2467 quoque
642 2418 699 2451 cura
713 2401 769 2451 suit.

175 2472 234 2524 Non
248 2473 299 2523 haee
314 2472 356 2523 ille
371 2472 463 2530 Deus,
480 2484 602 2539 tantaque
619 2475 757 2542 propaginis
773 2472 875 2534 autor,

119 2546 120 2551 ’
215 2543 322 2596 Credidit
338 2544 426 2596 officiis
440 2546 487 2595 esse
501 2546 595 2597 minora
611 2547 678 2605 suis3
782 2598 786 2607 ,

177 2615 361 2685 promissumque
375 2619 422 2668 sibi
436 2620 514 2669 voluit
528 2620 680 2684 praenoscere
695 2620 804 2679 coelum3

212 2691 266 2741 Nec
280 2692 350 2741 Deus
365 2692 461 2759 ignotas
476 2692 562 2757 hospes
577 2692 749 2743 inire'domos.
897 2687 948 2740 160

177 2761 220 2813 llle
235 2780 313 2816 moras
328 2765 411 2823 Solis,
430 2764 515 2831 quibus
530 2766 555 2815 in
569 2766 609 2815 sua
623 2764 691 2833 signa
703 2765 815 2823 rediret,

119 2862 120 2913 ἐ
213 2835 326 2887 Traditur
342 2838 430 2899 masiis
445 2837 580 2904 disposuisse
595 2837 670 2889 notis.

119 2954 123 2961 .
179 2907 202 2958 It
215 2909 298 2959 decies
311 2910 380 2961 senos
394 2922 529 2961 tercentum
547 2912 573 2963 &
588 2912 694 2977 quinque
710 2910 797 2959 diebus
881 2926 886 2934 ’

211 2981 315 3038 lunxit,
335 2981 361 3031 δι
375 2999 389 3031 e
403 2985 477 3047 pleno
491 2996 603 3050 tempore
620 2995 703 3049 quarta
719 2982 769 3030 die.

180 3050 223 3103 liic
237 3056 294 3105 anni
309 3055 396 3103 modus
411 3055 444 3105 est
455 3070 462 3106 t
474 3056 498 3107 in
514 3056 611 3107 lustrum
626 3053 746 3105 accedere
761 3052 854 3105 debet·
900 3043 947 3106 1⁶5

212 3126 275 3195 Qua
287 3127 582 3197 consumaturpartibus,
599 3144 648 3181 una
662 3126 725 3178 dies.
