2367 3942
275 471 325 545 26
372 468 415 538 P.
439 468 628 544 Ortum
656 471 888 544 NAsours

212 610 262 662 375
276 592 376 658 Oraque
386 589 491 640 caerulei
499 591 589 640 tollens
600 590 705 640 rorantia
716 591 786 641 barbi
800 609 809 651 3

231 723 234 730 ¹
310 665 385 730 Qui,
403 663 481 722 dixit,
497 679 596 730 repares
606 676 657 714 arte
669 697 676 722 ,
690 665 810 730 requiris,
827 683 885 731 apes
898 665 911 718 ἓ

274 739 361 792 Obrue
372 738 465 788 manati
480 753 568 803 corpus
581 739 670 787 tellure
684 736 800 801 juvenci:

310 812 384 877 Quod
395 811 457 876 petis
469 827 483 858 a
495 810 582 868 nobis,
597 813 697 860 obrutus
710 812 752 860 ille
764 813 839 864 dabit.

271 886 333 940 luffa
345 886 403 936 facit
413 883 490 950 pastor
503 899 511 933 ε
523 885 620 934 fervent
631 884 738 934 examina
749 887 814 951 putri
883 894 886 901 '

210 965 262 1030 380
309 959 350 1009 De
359 960 424 1008 bove
437 974 444 1008 ι
457 958 523 1007 mille
533 957 624 1008 animas
634 975 681 1006 una
690 971 776 1007 necata
787 959 864 1010 dedit.

215 1087 218 1094 ,
253 1093 257 1099 ,
270 1032 352 1084 Poscit
361 1048 434 1082 ovem
444 1032 518 1083 fatum
530 1047 538 1081 ε
549 1033 668 1082 verbenas
674 1031 789 1096 improba
800 1035 890 1100 carpsit
901 1068 910 1096 ,

308 1105 377 1169 Quas
390 1105 429 1171 pia
438 1105 485 1154 Dis
495 1105 556 1154 ruris
569 1105 633 1155 ferre
645 1104 736 1154 solebat
746 1122 815 1156 anus.

271 1179 339 1245 Quid
348 1179 394 1229 tuti
405 1177 526 1243 superest,
546 1178 648 1228 animam
659 1176 713 1227 crim
723 1193 798 1243 ponat
809 1181 833 1229 in
844 1181 892 1232 aris

306 1252 498 1319 Lanigerumque
510 1267 603 1317 pecus,
620 1252 780 1318 ruricolaeque
791 1254 868 1304 boues
881 1253 892 1304 ἓ

208 1330 241 1397 38
247 1345 259 1393 5
272 1326 355 1378 Placat
368 1342 432 1391 equo
443 1324 523 1376 Persis
536 1325 608 1376 radiis
619 1325 763 1392 Hyperiona
773 1327 874 1377 cinstum
885 1361 894 1386 ,

254 1460 256 1464 Ι
306 1401 346 1450 Ne
359 1398 429 1448 detur
440 1399 515 1448 celeri
525 1398 622 1451 viuima
634 1399 700 1448 tarda
713 1398 781 1448 Deo.

269 1472 344 1540 Quod
359 1471 433 1523 semel
445 1470 479 1522 est
487 1472 577 1538 triplici
588 1487 633 1537 pro
645 1472 739 1539 virgine
749 1473 807 1523 cesa
818 1472 906 1524 Dianae
917 1509 927 1536 ,

304 1547 377 1597 Nunc
388 1562 484 1613 quoque
495 1562 540 1612 pro
550 1546 615 1596 nulla
626 1546 720 1614 virgine
732 1563 804 1597 cerva
815 1547 891 1600 cadit.

269 1621 330 1672 Exta
344 1636 430 1669 canum
442 1619 493 1670 vidi
504 1620 596 1670 Triviae
610 1621 686 1670 libare
697 1621 794 1670 Sabaeos
804 1636 813 1680 ς

207 1711 260 1763 390
306 1692 338 1743 Et
348 1692 493 1757 quicumque
503 1705 556 1742 tuas
567 1695 657 1744 accolit
668 1725 676 1751 ,
693 1694 779 1744 Haeme
790 1727 797 1752 ,
813 1694 894 1745 nives.

268 1765 377 1817 Creditur
388 1764 503 1830 &rigido
514 1763 614 1813 Custodi
625 1767 687 1815 ruris
698 1766 783 1816 asellus
796 1782 803 1816 τ

303 1837 380 1888 Causa
390 1836 501 1903 pudenda
512 1838 609 1903 quidem
617 1837 668 1898 est,
686 1839 742 1887 huic
753 1852 834 1890 tamen
843 1853 898 1907 apta
909 1841 984 1896 Deo.

266 1911 334 1964 Festa
343 1909 499 1978 corymbiferi
510 1911 649 1961 celebrabas
660 1943 668 1971 ,
685 1908 782 1963 Graecia
793 1947 800 1972 ‚
814 1914 922 1976 Bacchi,
963 1948 982 1982 ,g

303 1985 390 2035 Tertia
399 2000 453 2049 quae
463 1983 534 2033 solito
544 1996 655 2050 tempore
666 1987 749 2036 bruma
758 1987 844 2038 refert.
939 2008 945 2053 g

206 2075 256 2129 395
269 2058 304 2110 Di
315 2073 412 2124 quoque
424 2058 530 2107 cultores
542 2058 720 2127 gelidi-venere
728 2061 805 2129 Lycei
817 2094 826 2118 ‚

257 2191 260 2197 ,
303 2131 334 2182 Et
345 2131 489 2198 quicumque
499 2129 561 2197 jocis
571 2150 624 2184 non
631 2133 724 2185 alienus
735 2146 804 2186 erat:

266 2205 343 2257 Panes
355 2237 363 2263 ,
381 2203 407 2255 δι
417 2204 443 2254 in
451 2204 576 2256 Venerem
586 2207 730 2273 Satyrorum
740 2224 817 2274 prona
825 2205 942 2272 juventus
952 2229 962 2271 3

304 2279 415 2345 Quaeque
426 2278 510 2327 colunt
520 2294 602 2328 amnes
614 2309 622 2335 ,
639 2279 736 2345 solaque
746 2296 820 2338 rura,
835 2280 907 2332 Deae.

265 2353 378 2406 Venerat
388 2349 414 2401 bt
425 2349 504 2401 senior
514 2351 594 2416 pando
606 2349 702 2400 Silenus
711 2350 785 2400 asello
796 2383 805 2409 ,

204 2443 258 2490 400
304 2425 403 2491 Quique
413 2425 486 2473 rubro
496 2424 595 2488 pavidas
605 2424 703 2491 inguine
713 2436 790 2475 terret
798 2438 868 2474 aves.

266 2498 356 2550 Dulcia
368 2497 409 2563 qui
419 2496 516 2562 dignum
527 2512 612 2546 nemus
622 2497 647 2546 iu
657 2497 770 2546 convivia
780 2494 842 2545 uasti
852 2527 861 2553 ,

151 2587 154 2595 ⁴
224 2598 228 2606 =
304 2569 423 2620 Gramine
434 2567 526 2618 vestitis
539 2571 676 2619 accubuere
689 2569 759 2619 toris.

266 2643 333 2696 Vina
346 2642 418 2707 dabar
425 2641 498 2693 Liber
509 2657 518 2690 .·
528 2642 618 2692 tulerat
628 2641 673 2691 sibi
685 2642 786 2708 quisque
797 2655 923 2697 rotonam.
973 2706 978 2711 ·

302 2714 440 2767 Miscendas
452 2713 526 2781 parc'e
538 2716 606 2766 rivus
619 2715 706 2782 agebat
719 2731 802 2781 aquas·

203 2806 255 2855 405
267 2788 379 2847 Naides,
393 2786 474 2837 effusis
484 2788 539 2836 aiiae
549 2787 601 2838 sine
613 2787 712 2854 pruinis
724 2787 783 2848 usu,

303 2861 360 2912 Pars
370 2861 471 2910 aderant
479 2859 566 2926 positis
578 2872 630 2910 arte
641 2878 760 2928 manuque
772 2894 780 2920 ,
799 2863 884 2917 comis.

266 2936 310 2986 lua
320 2935 390 3001 super
400 2933 464 2984 suras
472 2934 578 2984 tunicam
589 2934 692 2984 colleua
701 2935 831 2995 ministrat;

303 3009 388 3058 Altera
398 3005 485 3058 diffuto
494 3008 578 3074 pestus
591 3019 674 3074 aperta
685 3009 749 3061 sinu.

268 3080 362 3132 Exserit
370 3082 422 3132 hare
431 3081 575 3141 humorrun,
588 3080 678 3132 vestem
689 3083 761 3133 trahit
770 3083 811 3134 illa
823 3100 866 3150 per
877 3085 974 3138 herbas.
1015 3148 1018 3153 .

205 3165 259 3212 4¹0
306 3153 444 3222 Impediunt
457 3167 557 3214 teneros
571 3155 669 3211 vincula
682 3158 747 3209 nulh
760 3157 848 3226 pedes·
936 3211 941 3220 .
