2367 3942
290 427 579 497 Tntsrtunr
606 430 706 501 Lrn.
736 432 767 501 I.
823 434 892 524 165

175 543 344 604 Vesuuii,
361 562 424 612 quot
438 545 507 597 certe
523 548 589 597 nullo
604 561 665 613 puto
681 548 781 597 crimine
797 550 882 611 laesos.

221 618 342 669 Contenti
357 618 460 678 nostris,
477 619 528 676 Di.
545 636 650 686 precor,
670 620 718 670 este
735 622 811 671 malis.
902 640 936 688 70

115 729 118 734 -
178 695 238 743 Nec
254 706 352 749 tamen,
369 704 398 741 ut
411 692 493 743 cunsti
506 693 617 743 miserum
633 694 726 743 servare
743 694 840 755 velitis,
876 745 883 757 ¹

221 765 296 829 Quod
313 764 407 830 periit,
425 764 514 815 salvum
528 764 575 830 jam
589 778 663 831 caput
679 766 726 815 eise
741 768 828 833 potest.

179 838 219 902 Ut
233 854 299 887 mare
316 837 446 897 considat,
460 838 588 904 ventisque
604 838 736 889 ferentibus
750 853 821 900 utar,

219 913 256 961 Ut
269 910 327 961 rnihi
342 910 465 975 parcatis,
480 928 537 961 mun
550 913 628 961 minus
640 912 706 961 exsul
720 911 784 962 ero?

182 986 241 1034 Non
256 1000 322 1051 ego,
339 982 434 1033 divitias
447 984 531 1033 avidus
545 984 599 1034 sine
613 982 661 1034 fine
677 985 791 1051 parandi,
901 1001 935 1050 75

220 1058 308 1106 Latum
322 1056 445 1107 mutandis
463 1057 584 1107 mercibus
599 1074 682 1123 aequor
696 1074 759 1117 aro;

182 1132 238 1181 uec
248 1141 325 1196 peto,
339 1140 398 1194 quat
404 1130 529 1195 quondam
538 1130 616 1195 petii,
629 1128 743 1181 studiosus
754 1165 761 1190 ,
774 1129 900 1183 Athenas:
998 1192 1001 1199 ,

221 1202 320 1268 Oppida
333 1218 383 1251 non
398 1202 479 1261 Asiae,
492 1219 542 1253 non
557 1206 612 1253 loca
627 1203 675 1253 visa
688 1202 765 1271 priris.

186 1275 242 1325 Non
258 1287 306 1334 ut,
321 1276 454 1327 Alexandri
467 1277 555 1341 clararu
566 1278 663 1327 'delatus
677 1278 703 1327 in
717 1280 821 1336 urbem,
905 1316 906 1319 ,

221 1349 333 1399 Delicias
346 1349 460 1409 videam,
475 1351 533 1401 Nile
545 1348 650 1414 jocose,
666 1361 729 1401 tuas.
904 1347 939 1399 80

187 1421 261 1485 Quod
276 1421 362 1473 faciles
377 1434 437 1488 opto
451 1435 558 1483 ventos,
571 1422 625 1489 quis
641 1423 744 1492 credere
758 1420 857 1489 possiti

202 1495 334 1546 ‘Sarmatis
349 1494 383 1545 est
398 1496 493 1553 tellus,
509 1513 580 1562 quana
592 1510 647 1545 mea
659 1508 717 1545 vota
733 1506 830 1562 petunt.

188 1566 309 1635 Obligor,
328 1581 354 1618 ut
369 1580 465 1636 tangam
480 1568 535 1617 laevi
548 1568 600 1619 t'era
614 1569 687 1618 litora
701 1567 773 1618 Ponti
785 1584 794 1627 5

222 1641 345 1707 Quodque
360 1642 393 1693 sit
406 1659 422 1691 a
435 1640 513 1706 patrii
526 1652 574 1690 tana
589 1641 646 1709 luga
658 1642 744 1698 tarda,
763 1656 860 1708 queror.

186 1712 274 1763 Nescio
285 1731 336 1781 quo
349 1714 445 1764 videarn
461 1714 555 1780 positos
570 1726 598 1765 ut
612 1715 637 1765 in
651 1716 712 1768 othe
727 1713 855 1770 Tomitas,
902 1713 917 1763 8
922 1729 934 1776 5

221 1786 314 1837 Exilern
327 1787 392 1836 facio
406 1799 456 1853 per
465 1803 517 1837 mea
531 1799 589 1837 vota
603 1788 675 1839 viam.

189 1858 235 1908 Seu
247 1876 288 1909 rne
304 1859 422 1927 diligitis,
437 1871 518 1911 tantos
532 1862 678 1929 connescite
693 1860 800 1921 ilustust

222 1929 349 1999 Pronaque
363 1934 413 1983 sint
427 1932 511 1984 nostrae
527 1935 622 1985 numura
635 1934 712 1985 vestra
726 1936 782 1985 rati.

189 2003 236 2053 Seu
251 2006 326 2072 tnagis
341 2005 437 2066 odistis,
449 2005 514 2071 juss'ae
529 2023 567 2058 nte
583 2008 703 2057 advertite
718 2019 812 2065 tettaet

223 2078 344 2144 Supplicil·
354 2096 408 2144 pars
423 2078 456 2128 est
472 2080 496 2128 in
510 2080 613 2147 regione
627 2078 685 2130 mei.
903 2091 938 2139 90

189 2150 279 2209 Ferte,
293 2149 371 2217 (quid
385 2150 423 2201 hic
436 2150 542 2219 faciei)
554 2152 648 2217 rapidi,
663 2168 717 2203 mea
732 2150 845 2209 carbasa,
861 2153 938 2201 uenti.

224 2223 343 2274 Ausonios
357 2222 418 2273 fines
433 2241 476 2275 cur
491 2241 546 2275 naea
561 2226 617 2275 vela
631 2222 734 2275 vident?

190 2296 274 2346 Noluit
288 2298 336 2347 hoc
352 2296 432 2346 Cacsar
446 2313 454 2347 t
470 2297 545 2363 quid,
560 2315 632 2365 quem
645 2298 712 2365 fugat
725 2298 784 2357 ille,
800 2296 912 2355 tenetis?

225 2368 333 2435 Aspiciat
346 2371 427 2419 vultus
437 2369 540 2423 Pontica
554 2383 619 2421 tetra
634 2387 712 2422 meos.

192 2440 223 2491 Et
233 2440 321 2505 jubet,
340 2443 365 2491 &
380 2443 458 2492 merui
469 2459 478 2513 ².
491 2460 555 2503 nec,
573 2460 627 2512 quae
643 2442 790 2495 damnaverit
804 2444 866 2505 ille,
903 2458 936 2511 95

227 2514 331 2582 Crintina
344 2515 443 2565 delendi
457 2516 523 2569 lasne
537 2518 633 2583 piumve
646 2530 717 2585 puto.

193 2585 216 2637 Si
228 2599 307 2639 tamen
321 2586 373 2639 alia
387 2588 458 2639 Deos
475 2606 602 2657 numquam
615 2591 726 2643 mortalia
738 2590 842 2653 fallunt,

225 2659 249 2710 A
264 2661 335 2727 culpi
348 2660 439 2711 lacinus
454 2662 519 2713 scitis
532 2662 610 2715 abelse
624 2664 687 2717 mei.

193 2734 265 2783 lnuno
281 2733 315 2783 ita
327 2749 335 2784 t
347 2751 392 2785 vos
408 2734 481 2785 scitis.
495 2734 521 2784 Si
536 2752 575 2785 rue
592 2753 659 2787 meus
672 2736 765 2789 abstulit
779 2754 869 2796 error,

226 2806 352 2874 Stultaque
365 2823 433 2857 mens
450 2808 537 2867 nobis,
552 2826 602 2859 non
618 2810 753 2869 scelerata,
768 2810 835 2870 fuit3
910 2824 960 2860 100

193 2877 330 2943 Quamlibet
345 2896 360 2930 e
373 2880 494 2939 minimis,
513 2881 594 2933 domui
608 2882 628 2933 si
643 2882 745 2933 favimus
760 2882 794 2933 illi
806 2900 816 2942 5

226 2953 249 3002 Si
265 2952 319 3002 satis
336 2952 437 3019 Augtuli
450 2953 545 3021 publica
558 2953 616 3019 juffa
632 2955 707 3013 mihi;

192 3023 244 3074 Hoc
259 3026 354 3081 Duce,
372 3026 392 3074 si
407 3025 455 3075 dixi
470 3028 549 3077 felicia
565 3028 645 3077 secula
662 3045 670 3085 ς
687 3043 782 3095 proque

224 3097 320 3152 Celare
335 3110 390 3149 tura
405 3098 459 3169 pius
472 3098 655 3173 Cesaribusque
670 3100 746 3160 dedit
796 3092 800 3099 ’
