2367 3942
313 441 383 513 ¹42
424 422 465 489 P.
491 421 688 492 Orrnrr
712 422 950 494 Nasonis

246 564 280 614 ²7
284 562 297 612 5
311 545 343 596 Ni
358 558 469 591 contexa
484 541 568 597 soret,
582 530 765 607 parri'vicinior
782 540 840 591 esset
852 560 862 601 3

331 616 398 681 'Nec
414 615 519 664 medium
535 627 624 664 terram
639 614 741 664 mundus
756 615 858 665 haberet
874 632 949 669 onus,
978 654 979 660 ,

308 689 370 741 Arte
386 687 515 755 Syracosii
531 686 653 754 suspensus
668 687 694 737 in
709 689 765 738 aere
783 688 864 739 clauso

344 762 398 813 Stat
413 762 519 829 globus,
535 760 645 811 immensi
659 776 732 825 parva
748 758 824 828 figura
840 761 901 827 posi.

307 835 340 887 Et
355 847 470 900 quantum
483 850 498 882 a
514 834 631 893 summis,
649 846 741 883 tantum
759 834 858 885 secessit
874 838 904 885 ab
920 834 978 889 imis

246 914 298 965 28e
344 908 422 957 Terra
435 923 443 957 t
456 906 521 973 quod
537 920 565 958 ut
580 906 641 965 fiat,
662 907 739 956 forma
754 908 857 959 rotunda
872 908 942 960 facit.

307 981 353 1033 Par
369 979 444 1030 saties
460 980 544 1045 tempsi
556 996 564 1029 ι
576 982 655 1030 nullus
672 980 793 1045 procurrit
809 982 834 1029 in
848 981 891 1031 illo

342 1052 453 1120 Angqus
464 1069 472 1103 r
484 1070 499 1101 a
514 1054 598 1119 pluvio
614 1052 720 1103 vindicat
735 1054 815 1106 imbre
827 1054 919 1104 tholus.

307 1127 359 1178 Cur
373 1126 405 1175 sir
420 1126 554 1193 virgineis,
573 1126 679 1194 queris,
696 1124 754 1175 Dea
768 1124 835 1177 ruite
848 1126 987 1179 minisiris?

342 1198 466 1249 Inveniam
483 1198 565 1248 causas
581 1200 627 1249 hac
645 1214 742 1266 quoque
758 1209 827 1264 parte
842 1199 907 1249 sues.

245 1275 295 1341 285
308 1272 346 1323 Ex
357 1272 414 1337 Ope
428 1270 550 1323 Iunonem
562 1284 696 1321 memorant
707 1272 872 1338 Qreremque
887 1285 987 1325 creatas
1079 1266 1082 1271 ⁵

342 1346 439 1395 Semine
456 1344 572 1395 Saturni:
584 1346 657 1394 tertia
672 1343 747 1395 Vesta
762 1344 815 1394 suit.
905 1362 907 1367 ·
949 1404 951 1410 y

304 1420 417 1485 Utraque
427 1418 578 1484 nupserunt3
596 1419 671 1467 ambae
686 1417 802 1483 peperisse
819 1417 951 1483 seruntur:

341 1493 383 1542 De
399 1491 475 1541 tribus
489 1491 616 1556 impatiens
631 1489 717 1541 restitit
732 1507 779 1539 una
795 1490 851 1541 viri.

306 1565 374 1630 Quid
389 1564 492 1622 mirum,
512 1564 582 1632 virgo
599 1564 619 1615 si
634 1562 727 1631 virgine
744 1564 798 1613 laeta
814 1562 917 1619 ministri

243 1653 296 1705 290
342 1637 457 1686 Admittit
473 1636 546 1686 castas
562 1637 587 1686 in
604 1638 644 1687 sua
660 1637 724 1686 sacra
740 1634 845 1686 manus?
966 1632 967 1635 ’

303 1710 359 1760 Nec
368 1722 395 1758 tu
405 1708 469 1757 aliud
478 1708 586 1766 Vestam,
597 1712 667 1774 quim
677 1709 757 1758 vivam
767 1709 876 1776 intellige
887 1710 1022 1765 flammam.
1071 1762 1074 1766 ,

340 1783 451 1847 Nataque
466 1780 496 1828 de
510 1780 603 1829 flamma
620 1797 724 1847 corpora
741 1784 804 1833 nulla
821 1783 899 1833 vides.

302 1854 361 1907 Jure
377 1854 450 1921 igitur
464 1852 535 1919 virgo
551 1852 604 1911 esi,
621 1870 674 1921 quae
692 1855 779 1905 semina
793 1856 857 1903 nulla
872 1856 1000 1917 remittit,

338 1928 392 1977 Nec
409 1926 472 1991 capit
486 1942 493 1977 ι
505 1928 531 1976 ὃι
547 1926 649 1977 comites
662 1927 804 1995 virginitatis
820 1928 904 1979 hebet.

240 2018 289 2069 295
303 1998 357 2051 Esse
374 2000 414 2049 diu
430 1998 513 2051 stultus
528 1999 611 2051 Vestae
628 2002 753 2052 simulacra
769 2001 851 2067 putavi
866 2016 875 2050 t
963 2008 967 2015 “

338 2073 400 2124 Mox
416 2072 487 2123 didici
503 2089 579 2123 curvo
597 2074 661 2123 nulla
679 2072 767 2123 subesse
783 2074 864 2123 tholo.

301 2148 366 2215 Ignis
382 2146 533 2196 inexstindius
544 2148 641 2213 templo
659 2148 751 2197 relatur
768 2147 792 2195 in
805 2146 857 2196 illo.

338 2217 448 2285 Effigiem
463 2220 552 2268 nussam
567 2220 660 2277 Vesta,
677 2236 723 2269 nec
738 2219 820 2285 ignis,
838 2218 939 2271 habent.

300 2292 353 2343 Stat
369 2292 394 2339 vi
409 2305 473 2341 terra
491 2291 550 2341 sut:
566 2292 590 2340 vi
608 2290 780 2349 dandovesia
795 2303 905 2341 voratur.

240 2381 291 2433 300
338 2363 464 2429 Causaque
478 2380 522 2428 par
540 2361 610 2427 Graji
628 2364 731 2413 nominis
747 2362 792 2412 esse
808 2362 897 2429 potest.

299 2437 334 2487 At
349 2436 418 2484 focus
435 2435 577 2492 adomnia,
592 2435 618 2484 δι
634 2434 697 2502 quod
711 2436 780 2485 fovet
795 2435 892 2503 omnia,
912 2434 1010 2488 disiust

337 2508 387 2571 Qui
400 2520 482 2566 tamen
495 2508 520 2557 in
534 2508 616 2573 primis
631 2509 720 2559 aedibns
734 2518 791 2557 ante
806 2507 861 2559 suit.

299 2569 364 2631 Hinc
379 2596 475 2647 quoque
488 2579 630 2629 vestibulum
647 2581 693 2630 diri
708 2596 782 2631 reor:
794 2580 850 2630 inde
866 2582 993 2647 precando

333 2652 441 2703 Assamur
455 2652 573 2711 Vestam,
591 2652 655 2718 Quae
670 2655 724 2702 loca
739 2654 815 2718 prima
831 2666 911 2705 tenes.

235 2742 286 2795 305
299 2726 365 2777 Ante
382 2726 452 2776 socos
468 2726 525 2775 olim
541 2728 620 2793 longis
637 2726 762 2776 considere
781 2727 880 2777 scamnis

332 2798 391 2849 Mos
408 2810 480 2857 erat3
498 2800 523 2849 δι
538 2800 624 2849 mensae
642 2800 742 2850 credere
759 2798 837 2849 adesse
853 2801 934 2851 Deos.

296 2874 369 2923 Nunc
386 2888 501 2940 quoque,
520 2869 573 2944 etim
586 2871 647 2925 fiunt
662 2872 767 2937 antiquae
782 2872 847 2923 sacra
858 2875 986 2933 Vacunae,

332 2945 399 2994 Ante
413 2943 674 3010 Vacunales'tiantque
688 2944 820 3012 sedentque
837 2946 917 2997 socos.

294 3018 374 3072 Venit
387 3019 412 3066 in
429 3018 475 3066 hos
492 3034 568 3067 annos
581 3017 669 3083 aliquid
685 3018 716 3067 de
732 3036 801 3069 more
815 3018 929 3068 verusio:

234 3103 286 3153 310
334 3092 392 3142 Fert
407 3089 485 3141 missos
502 3090 582 3145 Vestae
599 3107 658 3157 pura
674 3094 765 3158 patella
781 3092 859 3145 cibos.
