2367 3942
283 425 354 507 162
393 424 435 492 P.
465 424 657 494 OVJDJI
684 422 921 494 Nasutus

279 543 305 593 Si
320 543 414 608 potetis
429 558 508 591 vacuo
523 542 603 601 tradi,
617 542 638 593 si
653 542 737 593 cundia
752 543 846 595 videbis

314 615 404 677 Mitia,
418 615 441 665 si
455 616 519 665 vires
534 614 637 683 fregerit
652 616 687 667 ita
702 617 774 677 suas3

235 703 267 755 95
280 688 306 739 Si
321 689 375 754 quit
391 688 457 747 etit,
477 688 557 754 quite
572 689 721 739 dubitantem
736 690 761 741 dt
779 688 845 739 adite
863 688 1001 757 timentem,
1037 740 1057 767 x

215 816 217 820 y
314 761 426 821 Tradat,
441 761 465 811 dt
482 773 538 811 ante
552 774 634 811 tamen
648 779 724 827 pauca
739 764 872 829 loquatut3
885 764 935 816 adi.

279 835 346 885 Luce
362 834 444 890 bona,
460 835 607 901 dominoque
624 847 667 885 tuo
683 835 779 885 felicior
795 836 845 901 ipse

315 905 445 958 Pervenias
460 908 516 958 illuc
533 925 544 965 ;
560 909 587 959 dt
603 910 664 957 mala
681 907 759 959 nostra
773 910 853 959 leves.

279 982 390 1048 Namque
405 998 435 1031 ea
443 982 485 1032 vel
494 996 567 1033 nemo
578 1015 587 1040 ‚
600 983 641 1031 vel
658 982 698 1047 qui
710 981 768 1031 mihi
779 984 880 1033 vulnera
892 981 969 1043 fecit,

222 1068 270 1105 100
317 1055 389 1115 Solus
406 1054 520 1105 Achilleo
536 1056 626 1105 tonare
643 1072 711 1105 more
728 1054 816 1122 potest.

278 1126 385 1179 Tantum
393 1144 425 1179 ne
440 1144 548 1197 noceas,
563 1128 619 1179 dum
631 1128 668 1178 vis
680 1126 806 1195 prodeffe‚
820 1127 929 1179 videto-t

285 1222 288 1227 ·
315 1203 377 1251 Nam
394 1200 448 1266 spes
463 1200 497 1250 est
512 1201 583 1252 animi
600 1200 680 1251 nostra
692 1202 779 1251 timore
793 1202 880 1251 minor.

280 1274 391 1341 Quaeque
405 1273 557 1341 quiescebat,
576 1292 608 1324 ne
624 1286 692 1337 mota
703 1274 812 1325 tesaeviat
825 1274 879 1333 ita,

315 1348 347 1399 Et
361 1365 440 1414 poenae
455 1360 484 1397 tu
501 1348 534 1397 sis
549 1348 627 1398 altera
644 1349 730 1406 causa,
745 1364 815 1399 cave.

219 1433 267 1482 105
280 1418 342 1471 Cdm
352 1433 432 1471 tamen
442 1422 466 1471 in
479 1419 583 1471 nostrum
595 1421 669 1471 suetis
680 1423 804 1487 penetrale
816 1434 951 1487 receptus,

316 1493 504 1561 Contigerisque
519 1506 603 1550 tuam,
620 1494 704 1545 scrinia
719 1511 810 1554 curva,
829 1495 944 1553 domum3

279 1566 390 1633 Aspicies
405 1569 455 1618 illic
472 1568 566 1633 positos
580 1584 613 1635 eit
628 1568 712 1617 ordine
727 1568 833 1625 frattes,
874 1622 878 1629 ¹

316 1640 389 1704 Quos,
403 1641 503 1692 studium
518 1640 618 1691 cunssos
632 1640 755 1707 evigilavit
770 1641 844 1689 idem.
862 1658 865 1662 ·

278 1711 368 1762 Cetera
383 1714 452 1763 tutba
468 1714 547 1778 palam
566 1714 651 1763 titulos
669 1712 778 1763 ostendet
796 1725 915 1779 apertos,

219 1797 267 1833 tto
315 1784 347 1834 Et
362 1784 403 1835 sua
418 1784 512 1833 detesti
526 1785 624 1833 nomina
639 1786 720 1835 fronte
736 1799 814 1850 geret.

275 1854 338 1907 Tres
352 1858 438 1921 procui
453 1856 555 1906 obscuri
569 1857 691 1907 latitantes
704 1870 772 1921 perte
790 1858 895 1909 videbis.

313 1927 345 1977 Hi
358 1945 474 1995 quoque,
489 1929 556 1994 quod
571 1944 643 1979 nemo
657 1928 752 1987 nescit,
768 1946 848 1979 amate
866 1930 969 1981 dotent.

276 2000 330 2051 Hos
347 2014 375 2053 tu
392 2004 435 2053 vel
451 2002 548 2069 fugias,
565 2004 625 2061 vel,
644 2003 664 2051 si
680 2001 733 2051 satis
750 2002 800 2051 oris
819 2004 939 2061 babebis,

312 2074 442 2142 OEdipodas
459 2076 535 2125 facito
546 2076 738 2143 Telegonosque
754 2091 840 2126 voces.

218 2160 265 2211 115
277 2147 366 2213 Deque
376 2150 452 2200 tribus
463 2181 471 2208 ,
484 2149 591 2209 moneo,
605 2149 625 2199 si
636 2166 689 2215 quae
702 2148 745 2199 tibi
758 2164 814 2199 cura
825 2148 930 2215 'patentis
941 2182 949 2206 ‚

311 2221 351 2270 Ne
365 2239 526 2289 quemquam,
543 2222 649 2288 quamvis
665 2219 714 2285 ipse
730 2221 849 2281 docebit,
864 2238 938 2270 ames.

275 2293 337 2345 Sunt
353 2312 451 2361 quoque
464 2307 562 2345 mutata
577 2307 616 2343 tet
632 2293 736 2359 quinque
753 2295 874 2345 volumina
886 2294 986 2352 fotmae,

312 2369 398 2433 Nuper
407 2370 437 2417 ab
454 2367 572 2433 exsequiis
588 2366 692 2418 carmina
707 2378 775 2432 rapta
792 2368 871 2427 meis3

274 2438 319 2488 His
336 2441 424 2490 mando
441 2440 524 2496 dicas,
541 2441 606 2489 inter
622 2451 712 2491 mutata
727 2440 814 2498 referti

216 2525 265 2558 120
314 2512 427 2562 Fortunae
443 2513 536 2560 vultum
552 2528 655 2577 corpora
670 2510 735 2577 posse
752 2528 821 2565 meae.

272 2584 384 2649 Namque
398 2601 427 2633 ea
439 2584 559 2635 dissimilis
576 2582 654 2637 subit&
670 2585 703 2635 ess
719 2584 803 2635 effetta
818 2584 912 2651 ptioti;

310 2657 448 2723 Fiendaque
459 2673 522 2705 nunc
539 2673 546 2706 ε
563 2659 644 2723 aliquo
659 2670 770 2725 tempore
788 2659 841 2709 laeta
854 2652 910 2708 fuit.

273 2726 344 2779 Plura
360 2730 455 2797 quidem
467 2730 579 2784 mandate
595 2731 657 2791 tibi,
672 2731 691 2781 si
709 2732 813 2797 quatis,
828 2732 966 2789 habebam

308 2803 357 2853 Sed
371 2818 461 2853 vereor
475 2804 550 2853 tarda
567 2804 637 2853 causa
652 2802 718 2853 fuisse
735 2820 818 2853 motae.

215 2889 244 2923 12
250 2890 261 2938 5
276 2874 351 2939 Quod
361 2876 396 2935 si,
406 2876 582 2943 mattheum,
592 2890 691 2936 tecum,
702 2876 774 2926 Liber
783 2909 790 2934 ‚
800 2876 879 2927 omnia
890 2876 984 2933 ferres,

308 2949 405 3000 Satcina
420 2950 499 3004 laturo
517 2966 602 3017 magna
618 2948 713 3000 futurus
729 2965 792 2999 etas.

273 3022 356 3089 Longa
368 3023 409 3072 tia
425 3022 476 3081 est,
492 3037 618 3088 propera:
637 3023 706 3073 nobis
720 3020 866 3074 habitabitur
882 3020 947 3071 orbis
996 3072 999 3079 ,

309 3095 414 3147 Ultimus
432 3128 441 3155 ‚
458 3112 472 3144 a
489 3096 555 3147 terti
571 3108 637 3147 terta
652 3108 746 3147 remota
763 3094 825 3145 med.
849 3148 851 3155 ,
