2367 3942
233 419 534 507 florentini
558 404 668 502 ω.
697 434 767 505 VI.
805 436 881 531 '137

170 558 204 610 Et
215 558 279 607 Lare
295 555 421 606 communi
434 553 533 603 soceros
549 566 701 619 generosque
718 566 854 620 receptos;
893 569 924 619 95

210 631 256 679 His
270 646 359 679 nornen
371 626 459 693 januis
472 625 575 684 sunus,
594 626 691 691 inquit,
710 626 793 678 habet.
881 682 885 686 Ι

102 691 103 738 3
171 704 246 754 Ditta
259 704 349 768 triplex
365 699 435 749 causa
450 698 505 749 est:
520 711 604 748 atros
620 698 756 765 ignoscite,
773 699 865 751 Divo:

210 776 260 825 Res
276 774 311 825 est
326 772 426 823 arbitrio
442 787 493 821 non
507 770 638 821 dirimenda
654 777 719 821 meo.

172 849 213 899 lte
228 864 298 914 pares
315 863 330 896 a
344 862 384 895 me
400 861 408 894 t
423 844 548 913 perierunt
560 842 642 911 judice
658 844 742 895 formae

211 919 349 988 Pergama:
364 919 420 983 plus
434 919 542 977 laedunt,
556 920 630 983 quarn
645 916 714 981 juvet
726 934 791 977 una,
810 918 871 969 duae.
896 933 945 967 100

173 992 283 1044 PRIMA
292 992 347 1041 dies
356 992 419 1049 tibi,
431 990 509 1041 Canna
517 988 533 1049 ,’
539 990 620 1041 datur.
630 991 685 1041 Dea
696 991 796 1041 cardinia
806 994 856 1041 haec
867 992 907 1041 esi.

210 1066 315 1115 Numine
329 1064 409 1114 clausa
422 1064 518 1129 aperit,
537 1064 626 1113 claudit
641 1075 723 1128 aperta
739 1064 791 1117 suo.

173 1138 246 1188 Unde
262 1140 329 1187 datas
342 1139 431 1187 babeat
441 1138 525 1196 vires,
543 1137 667 1187 obscurior
681 1152 736 1187 avo

210 1212 282 1261 sarna
295 1228 305 1270 3
326 1211 366 1260 sed
377 1228 395 1271 ‚e
410 1209 490 1261 nostro
506 1210 610 1259 carmine
627 1221 707 1260 certus
725 1210 780 1261 erit.

174 1283 277 1347 Adiacet
292 1283 386 1349 antiqui
403 1281 521 1333 Tiberino
537 1285 604 1333 lucus
621 1282 744 1341 Heletni3
894 1296 941 1345 105

210 1356 342 1407 Pontifices
358 1358 415 1405 iuuc
429 1373 493 1405 nunc
508 1372 604 1422 quoque
621 1356 685 1406 sacra
701 1356 790 1406 serunt.

174 1429 232 1479 lnde
247 1430 296 1480 sata
311 1429 345 1479 esi
359 1430 491 1496 Nymphe:
506 1429 605 1479 Granen
622 1429 706 1477 dixere
722 1429 832 1493 priores:

209 1503 378 1569 Nequidquam
393 1502 473 1551 mustis
488 1502 549 1564 sepe
564 1500 642 1567 petita
655 1501 745 1564 procis.

173 1573 236 1626 Rura
251 1576 336 1641 sequi,
354 1573 491 1641 jaculisque
505 1573 569 1623 seras
584 1573 676 1639 agitare
692 1572 802 1631 solebat3

208 1648 367 1715 Nodosaaque
383 1647 444 1697 cavit
458 1646 560 1697 tendere
573 1646 637 1695 vaise
653 1648 744 1713 plagas.
893 1660 942 1696 110

172 1720 228 1771 Non
244 1722 328 1773 babuit
341 1722 499 1787 pharetram,
518 1718 603 1769 Phoebi
616 1732 696 1769 tamen
711 1718 758 1769 esse
773 1718 879 1771 sororem

208 1793 348 1844 Credebant
364 1810 372 1843 r
388 1810 435 1844 nec
451 1806 505 1843 erat
514 1827 526 1852 ,,
541 1792 631 1843 Phoebe
644 1827 651 1853 ,
670 1794 780 1859 pudenda
795 1794 847 1843 tibi.
939 1790 945 1800 ’

171 1864 235 1916 Huic
252 1868 337 1933 aliquis
351 1866 467 1933 juvenum
483 1866 576 1917 dixisset
592 1867 695 1917 amantia
712 1868 805 1926 verba,

206 1938 335 1989 Reddebat
348 1941 410 1989 tales
427 1939 535 2005 protinus
552 1942 592 1990 iila
607 1940 687 1993 sonos.

171 2010 231 2061 Hanc
245 2014 300 2061 soca
310 2014 371 2063 lucis
381 2013 470 2062 habent
482 2013 550 2062 nirnis
562 2046 570 2071 ‚
589 2013 616 2063 δι
628 2030 682 2063 cum
694 2013 748 2062 luce
759 2010 866 2078 pudoris.
891 2025 938 2073 115

206 2086 231 2133 Si
245 2086 339 2135 secreta
351 2085 427 2151 tnag'u
443 2085 511 2135 ducis
527 2085 553 2133 in
569 2097 656 2143 antra,
674 2086 769 2149 sequor.

170 2155 289 2209 creduus
304 2172 373 2217 antra
386 2158 469 2209 subit:
487 2158 597 2208 fruticet*
605 2158 657 2207 baec
674 2158 744 2205 nassa
756 2154 859 2215 resistit5

205 2230 236 2279 Et
249 2233 311 2281 latet
322 2265 333 2291 ,
344 2232 373 2282 ⁴&
389 2233 456 2281 nullo
471 2228 504 2281 eu
518 2230 664 2283 bruenienda
678 2231 761 2281 modo.

170 2303 272 2356 Viderat
286 2306 349 2355 hanc
366 2304 442 2355 Janus
452 2304 715 2371 puisaeqnescupidiue
729 2317 814 2371 captus

205 2376 244 2425 Ad
261 2378 344 2427 duram
359 2378 440 2426 verbis
456 2378 567 2429 mollibus
582 2378 637 2428 usus
654 2389 716 2428 erat.
888 2392 937 2427 120
1022 2402 1024 2407 v

170 2446 280 2516 Nympha
295 2450 365 2516 jubet
379 2450 454 2515 quaeri
469 2452 499 2501 de
516 2468 583 2501 more
602 2451 717 2501 remotius
732 2463 848 2513 antrum
871 2454 873 2460 ‘

204 2521 286 2588 thue
305 2538 388 2573 corner
404 2522 528 2589 sequitur,
544 2523 698 2590 destituitque
713 2524 809 2575 ducent.

169 2593 247 2643 Stulta
257 2596 354 2650 ,uidet
369 2594 445 2647 Janus
461 2614 514 2662 quae
529 2597 636 2662 posi-sua
650 2608 717 2664 terga
732 2610 855 2664 gerantur.

204 2668 244 2716 Nil
261 2668 311 2735 agis
326 2684 358 2718 en
371 2684 378 2717 r
389 2670 496 2719 latebras
510 2669 608 2733 respicit
622 2669 663 2719 isse
676 2681 738 2719 tuas.

170 2739 208 2787 Nit
220 2738 272 2807 agis
287 2758 337 2799 en,
355 2740 404 2789 dixi
420 2755 428 2791 ε
444 2758 498 2790 narn
514 2753 540 2792 te
556 2740 598 2789 sub
614 2758 674 2808 rupe
690 2744 807 2793 latentem
884 2754 914 2789 12
920 2753 930 2800 5

203 2811 318 2879 Occupat
332 2815 443 2878 arnpsexu
455 2832 464 2871 3
480 2814 569 2879 speque
581 2814 674 2880 potitus
685 2835 696 2873 ‚¹
710 2816 764 2873 ait;

167 2882 207 2935 Jus
223 2902 268 2951 pro
283 2887 414 2935 concubitu
428 2886 567 2935 nnsinotibi
585 2888 687 2967 ¹qardinis
702 2886 762 2937 esto.
779 2890 781 2895 '

202 2958 257 3007 Hoc
273 2958 380 3024 pretium
395 2958 480 3023 poeitae
495 2958 637 3027 virginitatis
652 2961 724 3007 habe.

166 3030 203 3081 sic
218 3030 302 3088 fatus,
319 3030 424 3095 spinam,
440 3030 487 3098 qut
501 3032 580 3083 tristes
594 3033 686 3097 pellere
702 3029 779 3095 posset

197 3103 220 3154 Δ
237 3102 329 3156 foribus
344 3102 438 3164 nexas,
456 3106 509 3155 haec
524 3117 576 3157 erat
592 3107 667 3165 alba,
683 3104 760 3153 dedit.
883 3102 932 3162 1²30
