2367 3942
284 485 359 560 130
395 464 439 535 P.
467 462 656 535 Orrnn
681 466 913 539 Nasonis

279 584 372 637 PLEJ
379 584 485 635 Anas
496 584 614 651 adspicies
626 600 709 635 omnes
720 617 728 642 ,
743 596 870 653 totumque
881 588 996 641 sororum

219 658 271 710 600
318 659 431 726 Agmcu,
448 658 490 708 ubl
503 670 559 708 aute
576 658 634 707 ldus
649 674 699 707 nox
712 658 759 707 erit
775 676 822 709 una
839 659 918 726 super.
1011 720 1014 725 Ι

279 732 344 781 Tum
357 732 416 781 mihi
431 748 480 781 uon
497 732 573 782 dubiis
589 731 725 781 aucluribua
742 731 827 798 incipit
843 732 929 796 allas,

317 804 350 855 Et
364 805 441 871 tepidi
456 803 528 854 finem
546 817 657 870 tempora
673 804 738 855 veris
753 804 852 856 habent.

281 877 323 927 lD
333 877 423 929 lBUS
442 894 485 927 ora
501 877 568 943 prior
584 878 698 927 stellantia
714 878 803 927 tollere
820 878 929 929 Taurum

317 950 410 1001 Iudicat
421 967 429 1002 ι
439 951 497 1000 huic
512 950 581 1019 cigno
593 951 671 1000 fabula
686 962 743 999 nota
757 950 841 1001 subest.

219 1024 269 1087 605
283 1020 407 1083 Praebuit,
424 1036 569 1079 utrantos,
588 1024 671 1091 Tyriae
689 1023 727 1072 sua
743 1034 811 1091 terga
828 1025 921 1089 puella

316 1094 446 1164 Iuppiter,
467 1098 493 1147 &
509 1097 566 1147 falsi
582 1112 673 1146 cornua
687 1096 768 1145 fronte
784 1097 861 1154 tulit3

281 1169 324 1219 llla
338 1169 417 1232 jubam
434 1169 537 1228 dextri,
552 1170 615 1218 leva
628 1170 748 1219 retinebat
764 1169 885 1228 amictura

318 1243 349 1293 Et
363 1244 435 1294 timor
451 1243 501 1309 ipse
517 1244 575 1291 novi
594 1242 661 1291 causa
676 1242 771 1291 decoris
789 1255 851 1292 crat.

282 1314 348 1365 Aura
363 1317 428 1367 sinus
444 1317 527 1381 implet
539 1331 547 1365 ε
558 1315 634 1364 ssavos
647 1327 731 1365 rnovct
746 1332 802 1364 aura
819 1315 933 1381 capillos.

220 1388 272 1437 610
320 1389 419 1448 Sidoni,
441 1388 476 1440 alc
492 1390 572 1439 fueras
588 1388 728 1454 accipienda
744 1387 809 1440 Jovi.
887 1390 890 1396 '

282 1462 352 1527 Saepr
367 1464 487 1531 puellares
505 1462 616 1511 subduxit
633 1463 663 1511 ab
681 1478 779 1528 aequore
798 1463 911 1527 plantas,

318 1536 350 1585 Et
366 1538 452 1587 metuit
467 1535 544 1586 tacius
560 1535 687 1586 assilientis
703 1550 781 1600 aquae.

282 1608 352 1674 Saepe
371 1609 441 1660 Deus
457 1610 562 1676 prudeus
578 1622 673 1675 tergum
691 1607 795 1656 demittit
813 1606 837 1656 in
852 1607 928 1659 undas
939 1640 952 1667 ‚.

317 1681 416 1731 Haereat
432 1694 460 1732 ut
477 1682 543 1731 collo
558 1682 646 1730 fortius
664 1681 704 1729 illa
720 1680 771 1729 luo.

219 1751 270 1814 615
283 1752 403 1804 Litoribus
417 1754 504 1811 taliis,
522 1752 596 1802 stabat
612 1754 664 1803 siue
682 1754 795 1803 cornibus
811 1752 865 1802 ullis

317 1824 429 1892 Iuppiter
440 1842 448 1876 a
459 1827 533 1892 inque
550 1825 632 1876 Deum
647 1826 678 1874 de
693 1826 757 1875 bove
772 1826 854 1875 versus
868 1836 930 1875 erat.

281 1898 376 1949 Taurus
392 1899 435 1949 init
453 1901 541 1949 coelum
555 1914 563 1948 a
575 1910 620 1958 te,
641 1897 724 1948 Sidoni
735 1932 745 1956 „
761 1898 872 1967 luppiter
886 1898 970 1965 implet
982 1914 994 1957 5
1008 1894 1011 1901 '

227 1971 229 1975 '
318 1970 423 2039 Parsque
438 1984 507 2022 tuum
523 1980 596 2023 terrae
613 1971 685 2022 tertia
701 1988 790 2022 nomen
807 1973 888 2022 habet.

280 2044 337 2095 Hoc
354 2047 394 2096 alii
409 2046 503 2116 signnm
521 2045 629 2096 Phariam
648 2046 730 2095 dixere
746 2046 893 2111 juvencam.;

220 2116 273 2167 620
320 2118 383 2183 Quae
397 2120 442 2171 bos
458 2135 489 2170 cx
505 2119 603 2170 homine
619 2119 669 2177 est,
689 2135 719 2169 ex
734 2120 798 2169 bove
813 2118 872 2168 falla
887 2116 954 2167 Dea.

280 2191 345 2242 Tum
361 2209 457 2259 quoquc
473 2193 604 2259 priscorum
619 2194 689 2259 virgo
706 2192 831 2241 simulacra
845 2191 954 2241 virorum

316 2264 419 2316 Mittere
437 2267 544 2314 roboreo
560 2266 652 2329 scirpea
668 2274 743 2330 ponte
761 2263 830 2313 solet.

281 2337 391 2404 Corpora
407 2337 459 2404 poll
474 2338 556 2387 decies
571 2337 641 2387 senos
656 2336 696 2401 qui
713 2335 814 2387 credidit
832 2350 908 2385 annos

317 2410 385 2460 Milla
400 2410 475 2467 neci,
494 2410 590 2460 sceleris
606 2410 705 2459 crimine
721 2410 898 2458 damnatavor.

220 2481 269 2545 625
285 2483 357 2532 Fama
371 2495 464 2533 vetur:
479 2494 538 2532 tunc
555 2481 609 2531 culm
625 2480 735 2531 Saturnia
749 2493 814 2530 terra
831 2490 918 2529 vocata
936 2477 970 2529 est
981 2514 995 2541 ,

314 2555 383 2604 Talia
397 2554 491 2604 fatidici
506 2555 568 2605 diua
581 2555 652 2604 fuere
668 2554 728 2605 Dei.
768 2574 772 2581 ·

280 2628 400 2679 Falcifcro
415 2628 487 2679 libata
502 2627 553 2678 seni
569 2628 618 2677 duo
636 2643 757 2693 corpora,
776 2636 881 2693 gentes,

315 2701 429 2759 Mittite;
446 2719 500 2768 quae
514 2701 600 2752 Tustia
618 2700 768 2765 excipiantur
784 2698 861 2765 aquis.

278 2775 367 2825 Donec
381 2775 405 2823 in
421 2776 473 2825 haec
486 2776 554 2825 venit
570 2773 714 2838 Tirynthius
731 2788 789 2820 arva
802 2804 808 2829 ,
824 2770 952 2838 quotannis

216 2847 269 2913 650
315 2848 401 2898 Tristia
413 2847 536 2897 Leucadio
548 2846 613 2897 sacra
626 2845 721 2911 peracta
737 2844 831 2896 modo:

278 2923 349 2972 lllum
365 2921 502 2971 stramineos
518 2922 641 2987 inaquam
655 2917 741 2968 misisse
757 2918 877 2983 Quirites.

314 2994 427 3045 Herculis
444 2995 556 3060 exemplo
574 3008 677 3057 corpora
692 2992 748 3041 falsa
765 2990 822 3058 jaci.

277 3064 335 3118 Pars
351 3078 438 3133 putat,
459 3079 486 3117 ut
501 3067 594 3116 ferrent
608 3065 709 3131 juvenes
725 3064 833 3135 suffragia
849 3062 911 3125 soli,

314 3138 429 3194 lontibus
444 3138 552 3194 infirmos
565 3138 721 3209 ptaecipitaffe
737 3139 821 3195 senes.
