2367 3942
267 494 570 565 Horonon
596 490 705 559 err.
733 491 793 560 11.
843 513 892 589 53

191 612 257 665 Forte
271 614 316 664 fuit
327 612 407 671 Nais,
423 612 484 661 Lara
498 610 595 661 nomine
608 626 615 660 :
627 609 703 675 prime
716 609 759 659 sed
771 608 807 660 1111

212 688 289 737 Diua
304 688 341 735 bis
357 685 479 749 antiquum
496 683 584 751 syllaba
600 700 688 733 nomen
703 694 775 741 erat,
905 680 958 731 600

131 788 132 791 κ
191 759 224 809 Er
236 760 295 809 vitio
312 758 428 824 positum.
442 758 512 822 Saepe
527 756 561 806 illi
578 757 673 807 dixerat
687 757 781 813 Almo,

222 834 302 889 Nata,
319 843 378 879 tene
394 832 515 896 linguam:
528 846 574 879 nec
587 842 669 891 tamen
684 828 725 877 ilia
737 839 818 880 tenet.

191 904 268 969 Quas,
284 905 398 955 simulac
413 903 492 969 tetigit
504 903 616 955 Juturnae
631 901 710 968 stagna
725 900 834 961 sororis,

221 976 308 1045 Effuge
321 1010 328 1033 ,
345 976 399 1033 ait,
416 976 496 1039 ripas-z
509 976 570 1025 diua
583 975 709 1040 refertque
724 972 800 1025 lovis.

188 1050 230 1101 Illa
245 1050 318 1099 etiam
329 1047 448 1099 Junonem
462 1049 540 1105 adiit,
556 1048 714 1113 miserataque
730 1060 846 1113 nuptam,
904 1044 956 1107 605
1032 1040 1046 1090 8

222 1122 302 1173 Naida
316 1120 440 1172 Juturnam
454 1122 492 1169 vir
506 1134 583 1179 tuus,
601 1122 697 1187 inquit,
713 1131 786 1170 amat.

187 1194 296 1260 Juppiter
310 1195 422 1245 intumuit
434 1210 442 1244 t
454 1192 551 1261 quique
568 1194 603 1245 est
615 1212 665 1244 non
679 1193 720 1243 usa
735 1191 861 1251 modeste,

222 1268 315 1333 Eripuit
329 1268 433 1334 linguam
445 1282 453 1317 t
466 1268 665 1333 Mercuriumque
680 1279 764 1316 monet
775 1284 785 1324 3

148 1354 151 1363 ¹
185 1341 261 1399 Duc,
276 1342 327 1400 ait,
343 1341 374 1389 ad
387 1340 496 1392 Manes:
509 1341 577 1391 locus
591 1341 633 1391 'ule
649 1340 781 1399 silentibus,
790 1351 868 1404 aptus.

220 1414 350 1481 Nympha,
365 1413 407 1462 sed
422 1413 522 1464 infernae
537 1414 651 1481 Nympha
665 1414 776 1479 paludis,
794 1413 849 1461 erit.
906 1408 959 1459 610

184 1484 245 1539 Jussa
260 1486 332 1538 Jovio
344 1485 407 1535 fiunt
419 1501 427 1535 r
440 1487 537 1551 accepit
551 1488 620 1536 lucus
637 1498 734 1535 euntes.

219 1560 318 1609 Dicitur
333 1559 375 1607 illa
389 1558 446 1607 duci
461 1569 514 1607 tum
529 1557 643 1621 placuiffe
656 1558 726 1606 Deo.

182 1634 241 1687 Vim
257 1643 328 1698 parat
340 1630 381 1679 hic
395 1630 487 1679 evultu
502 1645 547 1693 pro
563 1630 644 1679 verbis
658 1628 698 1678 illa
711 1639 823 1696 precatur
831 1644 842 1687 3

219 1704 253 1753 Et
271 1702 357 1753 frustra
372 1714 441 1751 muto
457 1702 542 1751 nititur
556 1718 600 1751 ore
615 1702 691 1769 loqui.

181 1778 272 1843 Fitque
282 1774 372 1843 gravis,
383 1775 539 1842 geminosque
548 1775 620 1842 parit,
630 1776 671 1843 qui
678 1777 784 1842 compita
794 1776 896 1832 servant,
906 1770 936 1824 ‘61
944 1790 957 1837 5

131 1894 132 1899 ,
205 1850 251 1911 ,Et
264 1848 367 1915 vigilant
383 1848 460 1899 nostri
474 1848 567 1915 semper
580 1850 605 1899 in
622 1853 701 1909 urbe,
721 1850 804 1901 Lares.

183 1921 382 1973 PROXIMA
399 1922 496 1989 cognati
513 1922 596 1973 dixere
613 1922 728 1973 charistia
744 1924 813 1981 cari,

203 1995 251 2044 'Et
267 1995 336 2045 venit
350 1994 381 2044 ad
396 1996 471 2047 socias
487 1997 557 2046 turba
570 1998 703 2063 propinqua
719 1997 803 2062 dapes.

185 2068 285 2118 Scilicet
301 2086 315 2117 a
328 2069 426 2117 tumulis
439 2101 446 2126 ,
467 2069 510 2126 δι,
529 2070 569 2135 qui
585 2070 699 2134 periere,
715 2068 876 2135 propinquis,

218 2140 335 2191 Protinus
351 2140 382 2188 ad
397 2142 468 2189 vivos
485 2156 528 2190 ora
544 2141 638 2190 referre
654 2140 743 2206 juvat5
905 2142 959 2193 620

183 2211 286 2280 Postque
305 2222 345 2267 tot
359 2211 471 2269 amissos,
490 2210 604 2278 quidquid
620 2213 650 2263 de
667 2213 780 2282 sanguine
795 2214 885 2272 restat,

219 2286 378 2351 Adspicere3
400 2284 535 2352 &generis
551 2286 701 2337 dinumerare
718 2290 814 2355 gradus.

182 2356 286 2409 lnnocui
301 2357 419 2409 veniant:
431 2360 518 2424 procul
532 2359 587 2409 hinc
599 2392 607 2419 ,
621 2363 710 2427 procul
724 2362 809 2428 impius
822 2362 880 2413 etio·
941 2424 945 2431 Ι

219 2431 323 2489 Frater,
344 2430 370 2485 &
386 2431 410 2479 in
425 2443 508 2496 partus
524 2444 601 2482 mater
615 2435 703 2483 acerba
717 2435 795 2485 suos:

130 2500 132 2551 1
181 2502 231 2553 cui
247 2515 318 2569 pater
332 2501 367 2553 est
381 2504 469 2562 vivax,
487 2505 527 2571 qui
541 2506 623 2557 matris
638 2506 726 2573 digerit
738 2523 835 2570 annos,
905 2507 956 2570 625

219 2575 285 2638 Quae
299 2576 387 2641 premit
403 2577 501 2627 invisam
517 2579 600 2629 socr-us
615 2580 696 2645 iniqua
710 2598 807 2631 nurum.

180 2646 319 2698 Tantalidae
336 2648 423 2699 fratres
441 2650 538 2707 absint,
557 2652 584 2702 dt
600 2654 689 2703 lasonis
705 2671 786 2713 uxor,

218 2719 252 2770 Et
268 2737 321 2786 quae
337 2722 451 2773 ruricolis
467 2724 554 2773 semina
568 2724 628 2775 tosta
644 2727 731 2775 dedit:

180 2793 212 2843 Et
229 2794 327 2850 Soror,
345 2794 372 2845 dt
386 2793 504 2863 Progne,
520 2797 675 2865 Tereusque«
683 2798 775 2848 duabus
791 2797 904 2864 iniquus:

130 2886 132 2901 i
217 2866 251 2915 Et
269 2867 416 2933 quicumque
432 2869 483 2919 suas
495 2886 539 2935 per
557 2869 633 2919 scelus
645 2883 719 2937 auget
735 2887 806 2935 opes.
907 2869 961 2932 630

180 2937 228 2989 Dis
248 2938 347 3003 generis
361 2940 416 2989 date
432 2953 485 2991 tura
502 2942 569 2993 boni.
585 2942 723 2995 Concordia
739 2944 818 2993 fertur

216 3012 266 3061 1110
282 3010 404 3076 praecipue
419 3014 482 3065 mitis
500 3014 577 3067 adesse
593 3017 642 3067 die.

181 3082 213 3133 Et
229 3084 307 3135 libate
326 3084 399 3147 dapes
412 3101 419 3134 ε
431 3099 478 3142 ut,
498 3088 560 3155 grati
575 3089 661 3155 pignus
676 3086 797 3148 honoris,

215 3156 318 3219 Nutriat
332 3154 450 3211 iucintios
465 3160 529 3211 miffa
545 3163 639 3229 patella
651 3161 737 3213 Lares·
804 3226 855 3277 c„

827 3244 856 3291 ¹1¹
