2367 3942
270 427 533 499 Tarsum
561 425 667 494 [ιβ.
695 427 761 494 JV.
812 407 884 521 2'41

174 548 208 599 Et
221 549 303 599 tenuit
318 548 410 598 noslras
428 545 566 597 numerosus
581 545 700 596 Horatius
717 562 805 605 aures,

210 622 278 671 Dum
294 621 354 672 serit
367 619 475 671 Ausona
489 619 591 669 carmina
607 620 672 668 culta
687 618 751 685 lyrd.
898 633 931 682 50

173 695 306 761 Virgilium
322 693 373 743 uidi
387 690 478 744 tantltm
493 708 502 742 ε
518 707 564 743 nec
579 708 649 741 avara
664 691 765 742 Tibullo

210 768 322 834 Tempus
337 765 448 816 amicitiae
461 765 510 814 sata
522 764 612 814 deddre
625 781 696 815 meae.

101 833 105 841 ’
174 839 304 890 Successor
318 839 364 890 suit
378 839 418 888 hic
432 837 494 897 tibi,
511 836 606 896 Galle3
622 836 764 905 Propertius
777 833 823 892 illi.

210 912 321 977 Quartus
335 913 367 962 ab
381 913 419 961 his
434 911 495 962 serie
510 911 627 976 temporis
643 909 693 976 ipse
708 910 754 962 fui.

174 987 263 1052 thue
277 1001 327 1054 ego
340 984 464 1051 majores,
480 985 515 1034 sic
531 1001 571 1034 me
587 983 686 1034 coluere
704 984 829 1038 minores:
896 1001 928 1052 55

211 1060 330 1125 Notaque
348 1075 398 1109 non
412 1057 481 1108 rard'e
497 1057 558 1107 fasta
573 1055 659 1106 Thalia
674 1073 727 1107 mea
745 1057 788 1108 est.

177 1131 290 1182 Carmina
305 1128 358 1181 citm
376 1129 476 1197 primitm
488 1131 580 1198 populo
594 1129 710 1196 juvenilia
724 1131 791 1198 legi,

211 1204 290 1254 Barba
306 1204 397 1255 refesia
412 1205 469 1254 mibi
483 1204 551 1254 bisve
565 1203 672 1253 semelve
685 1203 741 1253 suit.

174 1277 294 1327 Moverat
307 1277 444 1346 ingenium,
459 1289 536 1327 totam
551 1288 647 1326 cantata
661 1292 705 1341 per
720 1277 822 1332 urbem,

212 1350 320 1400 Nomine
336 1367 386 1401 non
401 1366 461 1400 vero
480 1351 541 1400 disia
557 1348 668 1399 Corinna
684 1349 751 1398 mibi.
896 1349 932 1402 60

174 1423 258 1474 Multa
274 1423 372 1490 quidem
386 1423 468 1492 scripsi
482 1439 490 1480 ς
503 1423 545 1472 sed
560 1438 613 1488 quae
629 1421 714 1471 vitiosa
729 1419 832 1489 putavi,
876 1410 881 1427 ’

212 1496 382 1546 Emendaturis
395 1497 490 1562 ignibus
504 1496 553 1560 ipse
571 1493 637 1544 dedi.

176 1570 241 1619 Tum
253 1583 365 1637 quoque,
377 1567 564 1697 cdmlf‘ugerem,
574 1566 684 1634 quaedam
695 1565 812 1634 placitura
824 1567 928 1620 cremavi

212 1644 290 1692 lratus
305 1642 382 1692 studio
395 1658 435 1691 car
484 1641 585 1708 ibusque
599 1641 670 1692 meis.

175 1715 275 1773 Molle,
292 1713 434 1782 Cupidineis
447 1731 493 1764 nec
504 1714 692 1782 inexpugnabile
704 1713 763 1766 telis
895 1715 911 1767 6
915 1731 928 1780 5

212 1787 265 1838 Cor
279 1786 354 1847 mihi,
370 1787 483 1856 quodque
498 1787 559 1838 levis
574 1788 643 1838 causa
656 1799 784 1847 moveret,
802 1800 864 1838 erat.

175 1859 237 1910 Ciam
248 1872 330 1911 tamen
339 1861 389 1912 hoc
401 1860 471 1911 ess'em
483 1895 490 1920 ,
502 1859 648 1927 minimoque
659 1861 808 1912 accenderer
818 1860 868 1931 igni
875 1891 885 1921 ,

210 1934 320 1983 Nomine
337 1933 379 1990 sub
395 1932 475 1983 nostro
491 1934 572 1982 sabula
585 1935 651 1982 nulla
665 1934 720 1983 suit.

174 2005 247 2058 Paene
264 2005 325 2054 mibi
338 2021 434 2071 puero,
449 2020 495 2053 nec
510 2005 600 2070 digna,
617 2019 663 2053 nec
679 2004 762 2063 utilis,
778 2019 841 2055 uxot

210 2079 250 2129 Est
266 2078 324 2126 data
340 2091 349 2126 ε
367 2091 420 2143 quae
434 2087 530 2142 tempus
547 2077 667 2141 perbreve
684 2088 759 2142 nupta
773 2077 832 2129 suit.
893 2093 930 2146 70

173 2153 211 2202 liii
226 2149 364 2209 successit,
380 2149 487 2216 quamvis
500 2149 553 2199 sine
570 2149 685 2208 crimine,
704 2147 811 2214 conjux,

209 2226 268 2275 Non
283 2236 365 2274 tamen
378 2223 404 2272 in
419 2221 499 2272 nostro
514 2220 580 2272 firma
595 2221 678 2272 sutura
690 2235 756 2272 toro.

169 2298 283 2356 Ultima,
299 2313 353 2363 quae
366 2292 542 2346 mecomseros
559 2295 689 2362 permansit
702 2295 728 2345 in
744 2305 840 2356 annoti

211 2369 326 2420 Sustinuit
342 2368 443 2436 conjux>
454 2368 539 2420 exsulis
556 2368 604 2418 esse
620 2369 675 2420 viri.
835 2359 838 2367 ’

172 2443 234 2494 Filia
248 2442 285 2492 bis
299 2442 375 2509 primd
387 2458 441 2492 mea
456 2458 495 2492 me
511 2442 613 2493 &cunda
627 2441 764 2510 iduatas
866 2456 925 2516 [75
1020 2463 1021 2466 ’

210 2515 261 2564 Sed
275 2522 324 2565 non
338 2532 369 2566 ex
384 2531 435 2566 uno
450 2514 571 2584 conjuge,
587 2515 649 2567 lecit
661 2533 743 2568 avum.

172 2587 206 2640 Et
221 2586 268 2652 jam
285 2589 418 2654 complerat
432 2589 528 2655 genitor
544 2589 584 2639 sua
598 2590 664 2649 sata,
679 2605 817 2656 novemque

210 2660 344 2711 Addiderat
359 2661 436 2711 lustris
450 2662 526 2711 altera
540 2661 610 2712 lustra
624 2679 721 2714 novem.

102 2734 103 2741 ’
172 2734 232 2785 Non
246 2733 318 2782 aliter
330 2733 404 2793 flevi,
422 2737 491 2800 qudm
504 2750 543 2784 me
556 2735 657 2787 fletnms
671 2737 793 2788 ademtam

207 2806 255 2855 llle
274 2805 321 2854 fuit
336 2821 344 2856 ε
359 2808 428 2858 matri
440 2808 548 2872 proxima
565 2806 625 2875 justa
640 2809 696 2861 tuli.
890 2807 927 2860 80

172 2879 271 2932 Felices
285 2880 370 2938 ambo,
386 2881 574 2949 tempestive'que
590 2881 695 2948 sepulti,

214 2951 280 3000 Ante
295 2951 356 3002 diem
368 2969 448 3018 poena
463 2955 526 3019 quod
539 2953 636 3019 periere
652 2948 733 3003 meae!

172 3024 221 3076 Me
232 3019 328 3090 qu'oque
343 3025 456 3084 felicem,
472 3027 536 3092 quod
547 3059 555 3084 ,
568 3041 620 3076 non
635 3025 775 3076 viventibus
788 3024 855 3086 illis,¹

212 3097 270 3147 Sum
285 3096 356 3147 asser
370 3114 378 3155 ς
396 3099 424 3151 δι
439 3099 470 3151 de
484 3115 523 3150 me
537 3098 603 3166 quod
619 3097 719 3150 doluere
732 3097 808 3148 obit!
843 3123 845 3130 ·

241 3169 327 3224 Tonas
343 3168 382 3222 ιι
388 3169 414 3229 Ι.
816 3167 838 3224 I·
