2367 3942
287 434 338 527 93
392 431 433 499 P.
456 429 649 499 Orruit
675 430 904 505 Nasonis

287 556 366 605 Terra
383 552 460 601 tribus
476 549 580 615 scopulis
597 548 686 599 vastum
702 552 824 616 procurrit
839 555 862 603 in
878 558 968 623 aequor'

225 650 279 699 4²0
325 625 468 682 Trinacrie;
489 641 504 672 a
519 624 603 689 positu
618 639 709 673 nornen
725 624 812 691 adepta
829 628 888 677 loci.

288 701 368 752 Grata
383 700 468 747 domur
478 697 565 746 Cereri
575 713 584 746 t
596 698 682 747 multae
699 697 732 745 ibi
748 699 857 763 possidet
866 704 958 765 urbes,

325 772 456 838 inquibus
471 771 506 821 esl
518 772 586 819 tulto
602 770 689 819 fertilis
702 770 789 821 Henna
804 773 867 823 solo.

286 846 384 914 frigida
394 843 524 895 Coebetlstm
539 858 629 893 menes
640 842 759 893 Arethusa
773 847 884 897 vocarat.

323 921 435 970 Venerat
448 917 479 967 ad
493 918 569 967 sacras
585 917 612 967 bt
626 916 683 965 Dea
698 917 759 967 slata
777 918 859 984 dapes.

224 1013 275 1062 425
289 994 368 1051 illia,
384 991 507 1042 consuetis
521 1002 549 1040 ut
566 1002 620 1039 erat
632 988 746 1039 comitata
762 992 868 1056 puellis,

322 1067 422 1117 Errabat
436 1064 502 1115 nudo
519 1080 564 1128 per
577 1064 619 1113 sua
634 1074 700 1129 prata
716 1064 789 1128 pede.

287 1141 362 1193 Valle
376 1138 418 1188 sub
435 1137 544 1187 umbrosa
557 1137 626 1189 locus
641 1136 693 1193 en,
713 1137 854 1205 adspergine
868 1140 943 1191 multi

324 1212 419 1263 Uvidus
435 1226 466 1261 ex
481 1212 532 1259 alto
540 1210 680 1259 desilientis
694 1224 771 1275 aquae.

206 1331 210 1342 ,
286 1286 340 1337 Tot
355 1287 452 1335 fuerant
465 1282 537 1340 illic,
556 1294 618 1349 quot
630 1284 703 1333 babet
716 1296 801 1333 natura
812 1317 820 1338 ,
839 1286 937 1336 colores
949 1304 959 1345 3

224 1377 279 1429 430
326 1357 439 1423 emaque
456 1355 566 1407 dissimili
575 1356 638 1405 slore
651 1356 744 1407 nitebat
756 1358 851 1406 humus.

177 1484 182 1494 ,
237 1487 239 1490 ,
288 1434 368 1499 Quam
378 1431 569 1497 simulaspexitt
584 1428 717 1489 Comites,
734 1429 864 1490 accedite,
885 1432 960 1491 dixit5

324 1507 355 1557 Et
371 1522 466 1557 mecum
482 1503 574 1555 vestros
588 1503 651 1555 llore
667 1505 760 1569 replete
776 1503 852 1553 sinus.

287 1581 370 1632 Praeda
382 1581 501 1647 puellares
516 1579 609 1628 animos
625 1578 742 1644 proleslat
757 1576 850 1636 inanis,

323 1654 355 1702 Et
372 1669 423 1701 non
441 1652 541 1701 sentitur
555 1651 683 1701 sedulitate
700 1651 777 1699 labor.

224 1743 256 1793 43
263 1744 275 1792 5
289 1728 350 1777 llaec
366 1726 452 1790 implet
467 1726 536 1773 lento
554 1725 663 1773 calathos
680 1738 694 1770 e
711 1722 799 1771 vimine
814 1735 919 1782 textore

214 1821 218 1827 ·
323 1800 385 1848 Haec
402 1796 538 1865 gremium,
557 1798 625 1843 laxos
641 1794 756 1861 degravat
771 1795 811 1843 illa
829 1796 906 1847 sinus.

286 1874 331 1923 llla
346 1871 408 1940 legit
422 1869 513 1920 ealtlms¹
525 1886 532 1919 τ
544 1868 600 1917 huic
615 1866 668 1915 sunt
684 1866 785 1915 violaria
803 1883 888 1926 ουτως
934 1890 936 1897 ’

323 1946 366 1996 llla
383 1958 534 2012 papavereas
546 1938 654 1989 subsecat
671 1954 751 2007 ungue
768 1956 858 1991 comas.

286 2019 354 2078 Has,
365 2017 521 2087 Hyacinthe,
533 2026 604 2064 tenes
616 2030 624 2063 t
638 2014 707 2071 illas,
719 2013 866 2073 rimaraum,
878 2018 980 2068 moraris
994 2036 1004 2079 ς

224 2108 278 2157 440
327 2092 384 2143 Pars
395 2094 495 2159 thyma,
506 2106 560 2156 pars
570 2088 658 2140 casiam
667 2120 675 2146 ‚
684 2104 740 2153 pars
753 2088 880 2139 meliloton
890 2106 984 2142 amant.

289 2167 393 2218 Plurima
408 2166 469 2215 lesia
483 2163 537 2215 rosa
551 2162 605 2219 est;
625 2161 651 2211 bt
666 2161 719 2210 sunt
733 2162 786 2211 sine
799 2164 896 2213 nomine
913 2163 1005 2217 slores.
1072 2202 1078 2211 .

324 2239 378 2304 lpsa
392 2254 479 2286 crocos
493 2250 601 2290 tenues,
618 2233 715 2297 liliaque
730 2234 784 2281 alba
793 2232 870 2303 legit.

290 2308 412 2377 carpendi
426 2308 503 2358 studio
518 2305 631 2371 paulatim
647 2304 742 2372 longius
758 2307 806 2357 itur
819 2326 828 2365 3

325 2386 356 2436 Et
372 2382 491 2431 dominam
508 2379 562 2428 casu
578 2378 643 2427 nulla
657 2378 737 2429 secuta
755 2397 847 2430 tomes.

225 2475 260 2523 44
265 2475 276 2521 5
290 2459 360 2509 Hane
376 2456 445 2504 videt
456 2486 464 2512 ,
476 2453 509 2502 ⁸&
521 2450 594 2502 visam
606 2463 709 2515 patruus
722 2455 842 2502 velociter
856 2453 937 2506 aufert
948 2476 960 2517 3·

325 2532 456 2596 Regnaque
472 2524 622 2577 eaeruieis.in
637 2524 678 2573 sua
690 2538 775 2592 portat
790 2526 868 2591 equis.

286 2607 332 2658 Illa
344 2599 593 2669 quidem‘tlamabatt
611 2598 657 2656 lo,
676 2600 795 2649 carissima
809 2609 905 2658 mater,

324 2674 448 2728 Auseror:
464 2673 512 2739 ipsa
525 2672 580 2723 suos
597 2672 777 2739 abscideratque
793 2672 869 2723 sinus.

268 2756 273 2760 ’
287 2750 402 2805 Panditur
415 2748 508 2797 interea
522 2747 577 2797 Diti
590 2749 629 2795 via
641 2762 648 2797 t
661 2745 756 2812 jamque
773 2744 885 2795 diurnum

226 2845 279 2895 450
327 2824 419 2873 Lumen
433 2819 541 2871 inassueti
554 2821 596 2870 vix
610 2821 733 2885 patiuntur
748 2818 813 2883 equi.

253 2917 258 2954 ;
288 2899 322 2951 At
338 2898 427 2947 chorus
441 2895 557 2962 aequalis,
576 2893 701 2943 cumularit
718 2891 778 2941 llore
796 2892 902 2945 canistris
914 2912 934 2953 u·

324 2971 497 3036 Persephone,
515 2969 637 3024 clamant,
654 2966 683 3014 ad
696 2977 738 3015 tua
752 2966 815 3016 dona
831 2969 897 3018 veni.

288 3046 326 3098 Ut
341 3047 440 3093 tlarnata
454 3040 530 3100 silet,
546 3055 642 3092 montes
657 3040 785 3090 ululatibus
801 3042 923 3107 implent;

325 3118 357 3169 Et
371 3117 461 3168 feriunt
475 3115 560 3167 mellae
575 3114 673 3179 pellata
690 3110 752 3165 nuda
767 3130 859 3166 manus.
