2367 3942
679 953 1153 1039 OVIDII
1257 946 1881 1036 NASONIS

890 1157 1615 1290 {3330

451 1342 763 1459 Tumens
786 1405 845 1455 ad
864 1406 960 1455 hoc
975 1439 990 1464 ,
1014 1404 1168 1455 lustris
1188 1403 1281 1468 jam
1301 1405 1374 1455 bis
1395 1404 1508 1454 mihi
1531 1403 1739 1470 quinque
1759 1403 1962 1469 peraflis
1981 1436 2005 1461 ,

650 1475 813 1529 Omhe
845 1481 936 1529 fuit
972 1479 1126 1529 Musae
1158 1494 1350 1528 carmen
1381 1478 1563 1527 inerme
1598 1494 1717 1525 meae
1745 1491 1761 1525 ε

573 1552 815 1617 Nuliaque
835 1586 850 1611 ,
883 1570 989 1618 quae
1017 1551 1171 1618 possit
1195 1584 1210 1609 ,
1245 1551 1432 1615 scriptis
1462 1562 1541 1599 tot
1571 1550 1777 1599 millibus
1796 1582 1813 1607 ‚
1846 1549 2011 1599 exstat

649 1625 808 1674 Litera
835 1625 1037 1675 Nasonis
1060 1658 1076 1683 ,
1108 1624 1467 1691 sanguinolenta
1502 1624 1615 1689 legi.

527 1714 554 1763 5
581 1697 690 1747 Nec
721 1714 1003 1764 quemquam
1035 1697 1178 1747 nostri
1202 1730 1216 1754 ,
1252 1696 1341 1745 nisi
1369 1712 1459 1746 nos
1480 1729 1495 1753 ,
1530 1696 1694 1745 laesere
1722 1695 1876 1745 libelli
1901 1710 1921 1753 3

647 1768 860 1819 Artificis
886 1767 1027 1836 pefiit
1057 1768 1165 1818 cum
1197 1782 1339 1834 caput
1369 1770 1491 1818 Arte
1525 1769 1623 1818 sua.

573 1843 714 1892 Unus
738 1874 753 1899 ‚
784 1841 835 1890 &
865 1843 960 1891 hoc
986 1842 1135 1907 ipsum
1163 1842 1230 1889 est
1256 1840 1430 1904 injuria
1455 1858 1626 1907 magna
1646 1873 1663 1899 ‚
1689 1857 1959 1907 perennem

650 1913 889 1964 Candoris
923 1915 1117 1965 titulum
1146 1930 1245 1963 non
1278 1914 1389 1963 sinit
1423 1914 1516 1963 effe
1551 1915 1664 1964 mei.

575 1987 804 2053 Quisquis
824 1988 863 2038 is
885 1986 952 2038 est
966 2022 980 2046 ,
1003 2005 1110 2037 nam
1130 2004 1310 2037 nomen
1330 1987 1485 2037 adhuc
1505 1999 1769 2054 utcumque
1788 1988 2006 2044 tacebo,

490 2077 554 2113 ιο
649 2061 802 2129 Cogit
830 2060 1081 2113 inass‘uetas
1115 2062 1301 2110 sumere
1332 2061 1432 2110 tela
1462 2078 1645 2111 manus.

573 2135 661 2184 Ille
691 2136 958 2201 relegatum
989 2135 1175 2202 gelidos
1212 2134 1465 2199 Aquilonis
1496 2135 1556 2183 ad
1589 2146 1730 2184 ortus

643 2208 690 2256 N
695 2224 757 2256 on
790 2208 907 2258 sinit
933 2207 1111 2258 exsilio
1137 2205 1369 2256 delituisse
1398 2206 1500 2257 suo.

569 2279 888 2345 'Vulneraque
918 2278 1109 2330 immitis
1138 2279 1354 2345 requiem
1385 2278 1647 2345 quaerentia
1674 2289 1824 2327 vexat
1848 2293 1863 2327 τ

641 2351 794 2402 Ῑεὲὶετ
827 2354 952 2404 &in
984 2365 1094 2402 toto
1127 2354 1277 2402 verba
1311 2353 1477 2401 canina
1506 2353 1656 2402 foro:

486 2438 546 2491 ι]
569 2423 910 2491 Perpetuoque
943 2427 1057 2475 mihi
1090 2426 1316 2475 sociatam
1346 2426 1531 2475 foedere
1564 2424 1675 2473 Ιεξὶί

642 2498 754 2547 Non
786 2499 968 2562 patitur
999 2498 1156 2547 miseri
1188 2498 1356 2547 funera
1387 2497 1506 2546 flere
1540 2499 1647 2549 viri.

571 2568 791 2637 cumque
811 2588 905 2640 ego
925 2569 1078 2637 quassa
1097 2587 1219 2619 meae
1241 2571 1533 2636 compleftat
1550 2570 1760 2619 membra
1777 2568 1949 2619 carinae
1967 2602 2000 2623 ‚

633 2644 882 2711 Naufragii
912 2646 1095 2695 tabulas
1127 2654 1312 2711 pugnat
1343 2645 1521 2696 habete
1551 2642 1664 2691 mei.

567 2714 628 2765 Et
665 2717 744 2782 qui
779 2717 1010 2766 debuerat
1039 2718 1215 2767 subitas
1246 2715 1543 2783 exstinguere
1573 2715 1783 2764 flammas
1807 2746 1823 2773 ,

480 2803 548 2839 20
643 2788 688 2837 ls
719 2790 928 2854 praedam
962 2790 1120 2839 medio
1157 2801 1329 2855 raptor
1356 2791 1414 2837 ab
1443 2790 1553 2855 igne
1587 2789 1732 2853 petit.

563 2861 745 2910 Nititur
776 2874 832 2911 ut
865 2861 1083 2929 profugat
1114 2862 1273 2912 desint
1300 2863 1522 2911 alimenta
1554 2859 1756 2911 senestae
1782 2876 1804 2918 3

639 2934 750 2983 Heu
779 2934 792 2983 !
819 2947 1001 3001 quanto
1032 2934 1204 2984 nostris
1233 2934 1419 3000 dignior
1451 2932 1549 2999 ipse
1582 2933 1715 2982 malis
1745 2932 1758 2979 ξ

561 3006 629 3057 Di
663 3006 832 3057 melius
859 3008 872 3055 Ξ
900 3024 1100 3073 quorum
1130 3006 1278 3071 longe
1308 3007 1419 3056 mihi
1448 3007 1680 3056 maximus
1711 3006 1792 3055 isse
1814 3037 1836 3065 ‚

632 3078 730 3143 Qui
761 3078 942 3131 nostras
971 3081 1141 3146 inopes
1173 3079 1329 3131 noluit
1363 3078 1457 3131 effe
1490 3080 1618 3134 vias.
