2367 3942
248 399 539 470 Tarentum
566 395 671 468 ω.
698 403 740 468 V.
790 401 863 497 263

158 520 201 576 me
213 519 289 572 senex
301 517 380 568 ditus
393 514 487 582 sapient
497 516 527 565 ab
539 516 668 580 Apolline,
684 518 775 569 nullum
878 533 907 584 15

193 595 304 644 Scribere
321 590 347 640 in
359 591 408 638 hoc
424 587 481 638 casu
494 587 634 640 sustinuisset
650 605 721 654 opus.

159 670 195 722 Ut
204 666 289 733 patria
300 661 419 720 veniant,
436 661 537 712 veniant
549 661 638 712 oblivia
650 661 740 722 vestri,

195 738 283 792 Omnis
299 749 329 787 ut
344 732 443 784 admisti
455 733 535 787 sensus
549 733 741 801 abesse‘queat3

159 813 194 864 At
203 813 278 875 tirnor
293 807 378 860 officio
390 806 459 874 fungi
472 818 541 860 vetat
551 806 602 871 ipse
617 807 721 872 quieter

150 889 154 893 ’
196 883 298 934 Cinstus
311 883 341 932 ab
356 881 484 932 innumero
497 896 538 930 me
551 892 623 930 tenet
637 880 704 930 hoste
718 882 799 936 locuti
878 898 913 935 20

160 959 246 1016 Adde,
264 955 333 1023 quod
345 953 468 1022 ingenium
479 952 554 1021 longi
565 953 677 1022 rubigine
688 955 769 1006 lesum

195 1031 294 1095 Torpet
308 1044 317 1080 t
336 1028 363 1079 δι
374 1027 409 1077 eti
420 1024 514 1086 multi,
529 1029 600 1092 quim
614 1026 661 1078 suit
672 1039 744 1088 ante,
760 1026 848 1083 ninut-

161 1103 275 1161 fertilis,
289 1098 387 1152 assiduo
402 1099 423 1150 ei
439 1117 490 1150 non
501 1111 636 1150 renovetur
651 1113 748 1160 aratro.

195 1177 258 1235 Nil,
277 1173 325 1225 nisi
340 1189 395 1224 cunt
414 1172 485 1238 spinis
498 1189 614 1240 gramen,
628 1174 726 1224 babebit
739 1191 809 1242 ager.

162 1251 288 1316 Tempore
301 1246 343 1314 qui
358 1248 434 1313 lungo
446 1245 556 1304 steterit,
572 1246 633 1297 maie
649 1259 747 1307 ctu-ret,
763 1248 790 1299 δι
803 1248 867 1302 inter
880 1264 895 1302 2
899 1263 913 1314 5

197 1321 346 1372 Carceribus
361 1317 440 1370 misius
457 1318 556 1370 ultimus
569 1319 616 1369 ibit
630 1335 718 1386 equus.

161 1396 278 1452 Vertitur
291 1392 318 1443 in
332 1405 441 1444 teneram
456 1393 564 1451 cariem,
578 1392 691 1458 rimisque
708 1392 828 1454 dehiscit,

199 1469 226 1518 Si
240 1459 345 1534 qussiu
357 1465 433 1516 solitis
446 1467 531 1534 cymba
545 1464 637 1515 vacarit
650 1464 727 1532 aquis.

164 1541 210 1592 Me
224 1555 323 1607 quoque
338 1537 457 1603 despero,
471 1537 559 1588 suerirn
573 1535 628 1588 etim
643 1554 730 1604 parvus
742 1537 769 1590 δι
781 1549 855 1602 ante,

200 1614 258 1672 lili,
275 1612 316 1676 qui
328 1611 439 1669 suetam,
452 1609 518 1677 posse
531 1610 611 1660 redite
628 1627 720 1677 parem.
884 1626 918 1681 30

167 1685 292 1737 Contudit
304 1684 426 1751 ingenium
439 1683 556 1751 patientia
566 1685 639 1752 longa
654 1685 764 1737 laborum
778 1699 787 1739 t

203 1758 236 1808 Et
248 1772 306 1824 pars
322 1757 413 1823 antiqui
425 1773 509 1824 magna
524 1756 615 1824 vigoris
630 1757 704 1810 abest.

167 1833 238 1898 Saepe
247 1844 330 1880 tamen
339 1828 424 1884 nobis,
435 1842 462 1880 ut
471 1846 534 1878 nunc
543 1847 640 1896 quoque
649 1865 656 1892 ,
666 1831 742 1884 sumta
751 1831 842 1886 tabella
850 1830 902 1894 ests

203 1906 283 1969 inque
297 1901 352 1952 suos
367 1901 434 1952 volui
449 1916 540 1970 cogere
554 1903 628 1952 verba
643 1905 737 1968 pedesr

168 1976 282 2028 Carmina
292 1974 379 2040 scripta
386 1974 444 2024 mihi
455 1974 509 2026 sunt
518 1976 598 2033 nulla,
610 1987 652 2023 aut
662 1975 739 2040 qualia
749 1976 828 2028 ternis
837 1994 849 2039 ς
886 1991 918 2045 35

203 2049 289 2116 Digna
304 2047 339 2096 sui
352 2047 441 2097 dornini
454 2058 583 2112 tempore,
604 2045 675 2113 digna
690 2048 758 2099 loco.

168 2121 285 2189 Denique
299 2135 351 2169 non
364 2137 449 2186 parvas
463 2120 544 2170 anima
558 2119 599 2168 dat
614 2119 692 2186 gloria
704 2121 790 2181 vireu

206 2195 239 2246 Et
257 2191 363 2244 secunda
376 2192 435 2242 sacit
447 2191 546 2258 penora
558 2193 636 2243 laudis
650 2209 726 2245 arnor.
817 2199 820 2206 ’

167 2266 281 2319 Nominis
297 2265 324 2316 δι
337 2265 407 2316 saraae
423 2265 543 2332 quondam
556 2266 652 2333 fulgore
667 2267 799 2328 trahebar,

205 2342 276 2391 Durn
290 2339 347 2389 tulit
359 2349 476 2390 antennas
490 2355 549 2388 aura
565 2338 669 2388 secunda
684 2355 760 2391 meas.
886 2357 923 2407 40

170 2414 229 2464 Non
240 2411 345 2463 adeoest
353 2412 415 2462 bene
424 2428 503 2470 nunc,
514 2424 543 2462 ut
550 2411 581 2462 sit
589 2411 646 2461 mihi
655 2412 731 2480 gloria
741 2428 823 2468 exuret
872 2433 876 2440 ·

207 2485 234 2537 Si
247 2485 340 2543 liceat,
353 2485 414 2534 nulii
427 2485 539 2553 eognitus
554 2483 602 2535 esse
616 2485 700 2538 velim·

171 2560 232 2616 An,
249 2558 305 2624 quia
319 2556 438 2610 cesserunt
453 2555 531 2624 primi
544 2559 607 2608 bene
624 2558 746 2619 carmina,
762 2558 847 2613 suadet

208 2632 340 2690 Scribere,
355 2629 472 2681 successus
487 2644 516 2682 ut
532 2629 616 2696 sequar
630 2631 679 2696 ipse
696 2631 787 2683 meos?
815 2639 818 2645 '

171 2704 255 2763 Pace,
273 2719 381 2763 novem,
396 2702 474 2754 vested
489 2705 562 2754 liceat
575 2701 676 2762 unsre,
691 2705 816 2765 Soroteta
888 2721 922 2771 45

208 2779 265 2828 Vns
280 2777 334 2828 estis
349 2776 434 2828 nostrae
449 2777 550 2828 maxima
567 2776 635 2828 causa
652 2778 728 2845 fuge.

172 2851 259 2917 thue
273 2850 341 2901 dedit
354 2849 425 2916 justas
441 2851 503 2901 tauri
519 2849 650 2902 fabricatur
662 2851 735 2909 aeni,

210 2924 252 2975 Sic
271 2938 319 2990 ego
335 2923 367 2976 do
385 2939 469 2990 peenas
485 2923 573 2974 artibus
587 2921 639 2989 ipse
654 2923 724 2984 meis,
821 2945 824 2954 ¹

172 2995 216 3050 Nil
233 2997 291 3047 mibi
304 2996 421 3048 debuerat
434 3013 490 3046 cunr
505 2995 616 3046 versibus
629 2996 729 3062 amplius
745 2993 810 3054 effer

212 3070 264 3123 Sed
278 3070 390 3142 sugerem
405 3066 493 3123 anetitd
509 3068 637 3137 naufragus
653 3085 724 3122 unane
738 3069 836 3120 fretum.
894 3085 927 3133 50
