2367 3942
305 529 761 609 FasronvrrLrB.
789 529 820 599 1¹.
874 551 921 624 17

216 643 275 697 liam
288 647 356 699 simul
367 662 424 700 exta
434 649 493 699 Deo
503 648 558 699 data
569 648 639 707 sunt,
654 647 712 699 licet
723 649 802 699 omnia
812 650 859 702 tart
865 668 876 710 ;

250 722 381 789 Verbaque
393 724 527 771 honoratus
536 722 611 771 libera
619 734 711 787 praetot
724 724 807 773 habet.

214 790 252 841 Est
262 812 379 861 quoque,
395 808 443 861 quo
453 796 568 861 populum
581 792 620 861 jus
634 794 668 843 eti
677 794 802 846 includere
817 797 891 863 septis
901 815 930 857 3-

248 866 289 915 Esi
301 884 396 935 quoque
407 900 415 925 ‚
433 869 471 935 qui
482 884 548 917 nono
562 867 655 933 semper
663 869 694 916 ab
704 870 763 918 orbe
774 870 848 921 redit.

212 936 330 991 Vindicat
341 940 456 991 Ausonias
467 940 570 993 ,lunonis
583 957 641 989 cura
651 940 765 991 kalendas
775 958 786 1001 3
931 956 944 1008 5
950 957 963 1007 5
1022 939 1032 946 “

247 1012 332 1061 Idibus
342 1014 395 1063 alba
405 1012 461 1064 Jovi
470 1014 583 1081 grandior
593 1029 655 1079 agna
667 1014 742 1064 eadit.

211 1083 337 1135 Nonarum
347 1088 424 1136 tutela
437 1087 495 1137 Deo
507 1099 574 1136 caret
585 1101 595 1136 ε
606 1086 716 1136 omnibus
725 1086 790 1148 iliis,

246 1158 287 1208 Ne
298 1159 379 1209 fallare
390 1176 449 1209 cave
460 1193 468 1218 ,
488 1160 611 1225 proximus
622 1159 685 1209 Ater
693 1161 749 1209 erit.

210 1227 291 1281 Omen
300 1234 330 1282 ab
341 1245 432 1283 eventu
442 1232 475 1282 est
487 1248 495 1283 r
507 1234 553 1283 illis
564 1230 617 1282 nam
627 1232 706 1282 Roma
718 1234 802 1285 diebus

235 1304 338 1355 Damna
354 1306 396 1355 sub
405 1306 508 1355 adverso
521 1304 592 1356 tristia
602 1304 685 1355 Marte
699 1307 765 1355 tulit.
929 1304 965 1358 60

206 1373 267 1426 llaec
277 1379 338 1427 mihi
352 1378 414 1428 diua
425 1379 498 1428 semel
510 1410 518 1437 ,
535 1380 595 1429 totis
609 1379 725 1428 haerentia
737 1378 830 1436 Fastis,

242 1451 283 1500 Ne
299 1452 385 1501 seriem
398 1468 478 1501 rerum
494 1450 604 1501 scindere
619 1467 711 1518 cogar,
729 1464 810 1501 erunt.

204 1520 313 1573 ECCE
325 1524 371 1573 tibi
382 1523 501 1582 suumn,
520 1522 687 1581 Germanice,
704 1525 802 1573 nunciat
811 1540 918 1583 anuum,

240 1596 320 1662 lnque
331 1612 388 1645 meo
399 1596 488 1663 primus
501 1596 605 1643 carmine
618 1594 631 1645 J
634 1610 693 1643 anus
707 1595 781 1645 adest.

203 1665 266 1719 Jane
277 1669 364 1731 biceps
377 1700 385 1725 ,
401 1667 457 1716 anni
467 1666 542 1715 tacite
551 1658 655 1716 labentis
666 1667 754 1735 origo,
926 1668 960 1734 65

241 1740 319 1789 Solus
331 1739 361 1789 de
372 1738 472 1804 Superis
483 1739 524 1805 qui
534 1752 575 1790 tua
585 1751 653 1807 terga
666 1739 735 1790 vides
746 1758 756 1799 3
787 1787 790 1797 ,

201 1812 304 1863 Dexter
313 1812 372 1861 ades
383 1811 500 1871 ducibus,
518 1828 620 1879 quorum
632 1813 715 1863 secura
726 1815 829 1874 labore,

241 1886 304 1936 Otia
315 1897 381 1935 tetra
391 1886 478 1945 ferax,
497 1885 546 1935 otia
560 1899 651 1952 pontus
664 1887 724 1954 agit.

200 1956 303 2009 Dexter
313 1959 371 2009 ades
383 1958 539 2027 patribusque
551 1960 617 2019 tuis,
632 1958 776 2028 Populoque
788 1959 904 2025 Quirini3

236 2032 269 2081 Et
278 2031 360 2082 resera
371 2045 431 2081 nutu
444 2033 542 2081 candida
552 2034 642 2098 templa
653 2045 707 2083 tuo.
921 2048 957 2099 70
1024 2031 1027 2035 ’

200 2100 320 2171 Prospera
331 2104 373 2153 lux
386 2104 463 2154 oritur
476 2120 483 2153 ι
495 2104 629 2171 linguisque
641 2106 771 2172 animisque
784 2106 877 2157 latete.

236 2176 313 2227 Nunc
325 2174 427 2225 dicenda
441 2177 508 2247 bono
522 2176 575 2225 sunt
588 2178 652 2225 bona
662 2180 737 2227 verba
752 2179 800 2227 die.

200 2248 254 2301 Lite
267 2259 360 2299 vacent
374 2264 444 2298 aures
456 2265 466 2307 3
483 2250 614 2315 insanaque
622 2250 730 2315 protinus
741 2250 821 2299 absint

234 2322 322 2391 iurgia
333 2338 342 2371 r
353 2318 422 2371 differ
436 2338 518 2388 opus,
536 2323 608 2373 livida
620 2322 718 2389 lingua,
734 2334 813 2375 tuum.

199 2394 311 2453 Cernis,
329 2394 437 2445 odoratis
449 2396 567 2445 utluceat
578 2394 673 2462 ignibus
684 2394 781 2445 aether?
916 2410 951 2461 75

235 2468 267 2518 Et
282 2468 354 2517 sonet
366 2467 474 2517 accensis
488 2467 549 2533 spica
566 2466 647 2517 Cilissa
661 2467 749 2517 locis?

200 2540 306 2591 Flamma
315 2540 396 2589 nitore
406 2540 449 2589 suo
459 2542 604 2606 templorum
612 2542 727 2590 verberat
740 2556 824 2590 aurum
834 2572 844 2601 ,

234 2613 265 2663 Et
279 2612 411 2663 tremulum
425 2612 513 2663 summit
523 2614 611 2680 spargit
620 2614 646 2662 in
657 2613 710 2663 aede
721 2612 799 2679 juber.

197 2683 312 2737 Veslibus
321 2683 415 2735 intaclis
426 2684 542 2750 Tarpeias
552 2686 601 2735 itur
611 2686 635 2734 in
646 2702 714 2736 arces
725 2703 734 2745 3

235 2757 266 2807 Et
276 2758 381 2824 populus
396 2757 456 2807 lello
468 2758 585 2808 concolor
598 2758 648 2823 ipse
658 2758 702 2807 suo
713 2758 756 2809 eli.
916 2756 951 2807 80

197 2830 298 2896 Jamque
309 2830 367 2881 novi
377 2842 485 2894 praeeunt
498 2831 591 2888 fasces,
607 2847 672 2881 nova
684 2848 788 2897 purpura
798 2830 876 2899 fulget
887 2846 897 2889 3

234 2902 267 2952 Et
278 2920 343 2952 nova
358 2902 511 2968 conspicuum
524 2904 632 2969 pondera
641 2904 714 2954 sentit
724 2907 795 2954 ebur.

197 2974 270 3026 Colla
284 2976 356 3025 rudes
371 2991 472 3040 operum
483 2977 595 3041 praebent
608 2976 718 3031 ferienda
732 2975 848 3040 juvenci,

232 3047 307 3111 Quos
322 3048 380 3097 eluit
389 3049 476 3114 campis
489 3049 563 3099 herba
574 3049 664 3099 Falisca
675 3048 732 3098 suis.
798 3058 801 3060 ’

197 3119 329 3186 luppiter,
348 3136 405 3169 arce
415 3120 454 3171 tue
463 3133 543 3172 totum
551 3118 607 3171 crim
617 3119 708 3186 speslet
717 3119 742 3168 in
752 3120 837 3169 orbem
848 3152 857 3178 ‚
879 3112 882 3116 ’
914 3117 929 3170 8
934 3134 947 3182 5

233 3194 276 3246 Nil
291 3194 337 3245 nisi
351 3192 503 3255 Romanum,
523 3194 589 3263 quod
603 3205 701 3244 tueatur
712 3224 723 3251 ‚y
738 3192 822 3244 habet.
