2367 3942
283 490 600 559 Fasronvnr
624 490 799 561 Liml.
850 512 898 588 25

184 610 301 663 Nondum
315 610 452 677 pertulerat
464 608 607 676 lacrymatae
618 609 716 658 cortice'
722 611 831 676 mytilus

224 684 282 735 Acta
293 702 339 751 per
350 697 475 749 equoreas
489 682 583 746 hospita
594 682 661 731 navis
672 698 754 748 aquas.
909 698 962 750 340
1042 691 1044 742 l

185 758 253 809 Tura
262 774 309 808 nec
321 757 478 821 Euphrates,
496 771 541 805 nec
552 754 647 805 miserat
658 754 727 804 lndia
739 756 844 818 coslum,

221 834 276 882 Nec
291 832 388 880 fuerant
400 828 465 878 rubri
479 828 576 895 cognita
589 827 629 877 fila
641 828 719 877 croci.

182 904 235 955 Ara
247 906 319 953 dabat
329 903 408 953 lumos
419 934 426 959 ,
443 901 523 951 herbis
535 913 652 951 contenta
661 900 773 963 Sabinis,

220 978 254 1028 Et
263 994 315 1027 non
326 974 415 1042 exiguo
428 976 506 1024 laurus
517 974 596 1024 adusta
610 967 679 1024 sono.

182 1052 209 1103 Si
220 1051 276 1117 quis
288 1060 358 1108 erat,
375 1048 442 1098 saliis
451 1048 513 1114 prati
525 1048 555 1097 de
566 1048 627 1097 dore
636 1046 754 1107 coronis,
907 1062 959 1117 345

219 1123 273 1187 Qui
284 1121 362 1189 posset
372 1120 450 1171 violas
460 1121 550 1171 addere
562 1153 569 1179 ,
588 1120 657 1171 dives
667 1134 730 1173 erat.
847 1124 850 1129 ’

181 1194 232 1247 Hic
244 1231 252 1255 ‚
268 1196 309 1263 qui
321 1211 385 1245 nunc
396 1195 474 1260 aperit
486 1193 595 1260 percussi
607 1194 699 1245 elstera
708 1194 788 1256 tauri,

219 1270 248 1321 ln
261 1270 332 1319 sacris
344 1269 437 1318 nullum
449 1268 528 1317 culter
537 1268 642 1317 habebat
651 1284 723 1333 opus.

181 1341 261 1393 Prima
273 1344 351 1393 Ceres
360 1341 439 1391 avide
450 1340 529 1407 gavisa
539 1340 573 1389 esi
583 1340 697 1407 sanguine
706 1356 806 1406 porea,

217 1418 278 1467 Ulta
292 1415 344 1466 suas
355 1413 443 1464 merita
455 1414 524 1463 cede
535 1414 647 1463 nocentis
661 1429 731 1479 opes.
907 1429 960 1481 350

180 1488 243 1539 Nam
252 1490 302 1539 sata
315 1521 322 1547 ,
341 1503 403 1538 vete
414 1502 480 1536 novo
489 1486 581 1537 teneris
592 1484 704 1535 laedentia
716 1486 806 1546 sulcis,

215 1562 294 1612 Eruta
306 1561 418 1626 setigerae
429 1557 548 1621 comperit
559 1572 603 1606 ore
613 1557 671 1607 suis.

178 1634 227 1684 Sus
240 1633 343 1683 dederat
353 1646 448 1696 poenas.
466 1628 585 1694 Exemplo
597 1628 696 1679 territus
706 1629 778 1698 hujus

215 1705 324 1756 Palmite
340 1704 458 1751 debueras
472 1700 621 1761 abstinuisse,
637 1718 719 1770 caper,
763 1740 767 1745 -

178 1779 264 1845 Quem
275 1775 384 1843 spestans
394 1776 480 1843 aliquis
491 1776 576 1826 dentes
586 1775 611 1825 in
621 1776 671 1826 vite
681 1789 831 1844 prementem
841 1814 849 1840 ,
902 1796 951 1849 355

122 1914 124 1919 Ι
213 1850 347 1901 Talianon
358 1850 434 1899 tacito
446 1849 505 1899 dista
517 1850 603 1899 dolore
613 1850 699 1901 dedit:

177 1922 265 1983 Rode,
281 1939 373 1990 caper,
385 1923 459 1973 vitem
471 1938 479 1973 ε
491 1935 571 1973 tamen
581 1923 657 1981 hinc,
669 1921 723 1975 etim
733 1923 843 1979 siabisad
852 1946 932 1989 aram,

213 1997 242 2047 ln
254 2010 297 2047 tua
313 1996 378 2063 quod
389 1996 465 2064 spargi
476 2012 566 2047 cornua
576 1997 671 2063 possit,
690 1999 748 2049 erit.

178 2068 260 2126 Verba
270 2068 334 2119 fides
346 2069 472 2133 sequitur:
485 2084 555 2119 noxe
565 2070 611 2118 tibi
623 2070 717 2120 deditus
726 2070 800 2123 hostis

212 2143 342 2211 Spargitur
352 2140 426 2190 alfuso
436 2156 543 2200 cornua,
561 2141 676 2200 Bacche,
693 2159 771 2193 meto.
896 2148 949 2215 360

181 2212 254 2283 Culpa
266 2216 303 2266 sui
314 2214 400 2265 nocuit
411 2230 418 2265 τ
430 2214 515 2265 nocuit
527 2230 624 2281 quoque
634 2217 705 2280 culpa
719 2218 828 2282 capellae.

213 2288 282 2353 Quid
292 2290 339 2339 bos
350 2321 358 2346 ,
377 2288 434 2355 quid
444 2288 544 2355 placidae
557 2288 728 2341 commeruistis
739 2306 798 2341 oves
809 2289 820 2341 ἒ

181 2359 260 2411 Flebat
270 2360 386 2413 Aristaeus
397 2394 405 2420 ,
423 2362 488 2428 quod
501 2378 558 2428 apes
569 2378 624 2411 cum
632 2360 704 2429 stirpe
713 2375 812 2415 necatas

212 2435 315 2486 Viderat
329 2435 441 2501 inceptos
455 2433 583 2485 destituisse
597 2435 677 2485 favos.

180 2504 270 2557 Carula
281 2523 354 2575 quem
364 2508 469 2575 genitrix
480 2524 544 2575 egre
556 2506 630 2557 solata
642 2509 784 2569 dolentem,
893 2512 943 2579 365

127 2588 128 2602 ¹
215 2578 311 2631 adddit
322 2583 376 2631 haec
387 2580 454 2631 disiis
465 2582 548 2631 ultima
557 2582 633 2631 verba
642 2581 689 2633 suis
700 2598 710 2633 t

181 2647 236 2700 Siste
247 2682 254 2710 ,
263 2670 325 2718 puer
334 2687 341 2713 ‚
353 2656 482 2722 lacrymas.
493 2652 597 2705 Proteus
606 2666 648 2705 tua
658 2656 742 2705 damna
752 2656 861 2717 levabit;

214 2722 318 2793 Qudqoe
330 2727 404 2777 modo
414 2742 531 2793 reparet,
549 2744 603 2793 quae
613 2727 726 2793 petiere,
744 2729 819 2781 dabit.

181 2792 289 2863 Decipiat
300 2812 368 2850 nete
377 2800 455 2851 versis
464 2812 545 2850 tamen
555 2802 597 2851 ille
607 2800 690 2868 figuris
701 2834 709 2860 ,

213 2869 343 2935 impediant
354 2874 460 2941 geminas
469 2873 565 2923 vincula
576 2873 746 2926 firmamanus.
891 2888 946 2940 370

135 2908 139 2991 i
182 2934 289 2993 Pervenit
299 2945 330 2994 ad
338 2960 417 2997 vatem
429 2945 525 3013 juvenis
537 2962 546 2998 r
558 2947 713 3013 resolutaque
723 2951 808 2999 somno

137 3010 140 3085 i
216 3014 303 3083 diligat
314 3020 420 3085 aequorei
431 3021 526 3070 brachia
538 3032 609 3085 capta
619 3021 701 3070 Senis.

139 3098 141 3117 ¹
186 3080 224 3134 lle
237 3088 276 3139 sud
286 3085 375 3140 'faciem
386 3092 534 3143 transformis
548 3094 670 3143 adulterat
682 3104 754 3151 arte3
818 3113 826 3127 ¹

217 3157 275 3212 Mox
286 3164 392 3215 demitur
405 3166 489 3218 vinclis
499 3167 525 3217 in
538 3167 578 3217 sua
591 3167 697 3217 membra
708 3166 783 3215 redit.
820 3233 840 3283 B
