2367 3942
260 460 377 533 ,190
426 440 945 511 P.·0rrorrNAronzs
983 472 988 483 ·
1035 530 1037 535 ,

172 562 177 569 “
238 574 290 626 275
302 560 342 609 Sic
359 558 432 626 igitur
446 573 562 614 carmen,
578 556 644 606 retii
660 556 679 605 si
695 568 776 606 mente
792 559 905 625 legatur,

337 631 463 681 Constabit
479 630 538 679 nulli
553 628 620 696 poiie
636 645 747 688 nocere,
765 646 853 681 meum.

300 700 334 757 At
350 704 460 771 quiddam
472 704 525 752 uitii
537 702 681 769 quicumque
694 703 755 755 hinc,
766 705 892 771 concipit,
907 721 975 759 errat
988 724 996 761 ι

338 778 370 827 Et
386 774 483 826 nimiirm
495 776 588 841 scriptis
604 777 704 843 abrogat
717 776 759 825 ille
776 778 846 829 meis.

300 852 336 902 Ut
351 863 431 900 tamen
441 850 488 899 hoc
500 850 595 899 fatear:
610 849 659 897 ludi
670 864 768 915 quoque
780 849 867 901 semina
879 855 994 920 praebent

238 926 290 977 230
340 923 461 989 Nequitia
477 937 484 972 ε
499 922 554 971 tolli
569 933 622 971 tota
637 922 731 971 theatra
747 920 804 987 jube
820 956 827 979 ‚

300 996 420 1048 Peccandi
435 996 528 1046 causam
544 1012 596 1061 quae
613 995 693 1043 multis
711 994 774 1059 saepe
790 997 929 1058 dederunt,

337 1068 427 1119 Martia
445 1066 499 1118 crim
516 1068 601 1119 durum
615 1066 698 1117 sternit
712 1084 784 1117 arena
802 1069 888 1119 solum.

299 1143 413 1193 Toliatur
429 1141 515 1192 Circus
528 1159 536 1199 3
553 1157 603 1190 non
618 1152 670 1189 tuta
688 1141 787 1191 licentio
802 1140 891 1195 Circi:

336 1216 384 1265 Hic
401 1214 468 1265 sedet
484 1216 571 1281 ignoto
587 1212 665 1278 juniia
682 1215 762 1280 puella
777 1215 840 1265 viro.
888 1271 896 1281 ι

137 1278 143 1291 '
240 1292 271 1344 28
276 1307 288 1355 5
303 1287 364 1339 cum
376 1288 483 1354 quedam
493 1287 624 1352 spatientur
634 1286 658 1335 in
669 1288 732 1345 hac,
749 1298 776 1337 ut
786 1298 878 1339 amator
889 1287 976 1340 eidem

337 1360 493 1419 Conveniat,
513 1375 587 1426 quate
602 1358 711 1425 porticui
727 1361 776 1409 ulia
792 1359 883 1427 patet?

300 1434 362 1498 Quis
373 1436 442 1484 iocus
453 1433 487 1483 est
496 1432 592 1499 templis
602 1430 743 1500 augustiori
755 1434 808 1484 haec
819 1452 916 1502 quoque
927 1436 1010 1496 vitet,

337 1509 364 1557 ln
382 1509 476 1574 culpam
493 1507 514 1556 si
530 1523 577 1573 qua
593 1504 627 1555 est
642 1506 767 1574 ingeniosa
784 1507 858 1558 suam.

300 1578 361 1631 Cim
378 1580 472 1631 steterit
485 1579 553 1631 Jovis
568 1579 639 1638 aede,
657 1579 725 1631 Jovis
739 1578 862 1631 succurret
876 1580 902 1631 in
918 1582 995 1642 aede,

239 1670 290 1721 290
338 1653 417 1716 Quim
433 1658 520 1703 multas
536 1665 626 1702 matres
643 1652 732 1703 fecerit
748 1652 789 1703 iile
805 1654 887 1704 Deus.

300 1726 409 1777 Proxima
423 1726 534 1777 adoranti
550 1725 657 1777 Junonia
671 1728 760 1791 templa
775 1726 883 1785 subibit,

335 1797 464 1847 Peliicibus
481 1798 562 1848 multis
578 1798 640 1847 banc
657 1798 756 1849 doluisse
773 1799 863 1849 Deam.

298 1870 394 1921 Pallade
411 1869 555 1936 conspeiii,
570 1881 654 1919 natum
671 1872 702 1922 de
717 1872 815 1921 crimine
830 1871 900 1938 virgo

334 1943 459 1994 sustulerit
475 1958 567 2009 quare,
582 1955 692 2010 quaet,
707 1944 898 1995 Erichthonium.

237 2033 286 2084 295
300 2018 406 2070 Venerit
416 2019 440 2066 in
450 2017 529 2084 magni
537 2019 671 2084 templum,
683 2030 724 2067 tua
735 2033 850 2075 munera,
863 2016 951 2066 Martis
962 2032 972 2075 ς
1052 2030 1054 2035 ·

337 2090 390 2140 Stat
406 2092 492 2143 Venus
499 2091 591 2141 'Ultori
606 2090 687 2157 junttn
701 2090 754 2139 viro
769 2102 825 2139 ante
840 2089 916 2140 fores.
1016 2152 1019 2155 Ι

299 2162 368 2213 Isidis
382 2164 434 2212 aede
451 2164 556 2221 sedens,
575 2180 619 2213 cur
635 2164 695 2212 banc
711 2164 843 2222 Saturnia,
858 2172 970 2229 quaeret,

263 2266 278 2276 s
335 2236 419 2303 Egerit
435 2236 505 2286 Ionio
520 2235 686 2301 Bosporioque
703 2235 772 2284 mari.
912 2242 913 2245 ’

298 2310 327 2359 ln
341 2310 441 2359 Venere
457 2309 594 2368 Anchises,
610 2308 635 2359 in
650 2308 718 2357 Luna
732 2306 839 2359 Latmius
852 2307 946 2367 heros,

238 2398 289 2448 300
338 2381 367 2431 ln
385 2379 477 2433 Cere're
492 2382 592 2440 Iarion,
611 2381 651 2449 qui
667 2381 806 2441 referatur,
825 2382 880 2432 erit.

299 2452 388 2506 Omnia
404 2455 527 2521 perversas
543 2454 639 2519 potsunt
655 2470 812 2520 corrumpere
830 2465 944 2504 menteet

335 2521 405 2576 Stant
423 2542 503 2578 tamen
519 2528 559 2576 ilia
574 2527 620 2578 iuis
636 2527 715 2577 omnia
731 2541 784 2579 tute
800 2528 872 2579 locis·

299 2600 332 2651 At
346 2600 473 2665 proculab
489 2600 576 2665 scripta
590 2600 646 2651 solis
665 2601 832 2652 meretricibus
849 2600 911 2651 Arte

335 2672 469 2722 Submovet
485 2673 602 2739 ingenuas
619 2675 704 2741 pagina
721 2676 794 2741 prima
809 2690 892 2723 nurus.

237 2762 287 2813 305
302 2744 467 2811 Quaecumque
478 2745 587 2812 irrumpit
598 2777 614 2802 ,-
625 2746 673 2813 qub
684 2764 733 2795 non
743 2746 800 2795 sinit
810 2747 846 2795 ire
858 2745 988 2805 sacerdot,
1089 2800 1090 2807 ἵ

335 2817 448 2868 Protinus
466 2818 515 2867 hoc
529 2819 600 2868 vetiti
619 2818 721 2868 criminis
738 2818 787 2867 atta
805 2834 847 2868 terr
864 2819 905 2868 est.

192 2901 196 2905 “
298 2892 353 2941 Nec
370 2890 451 2941 tamen
467 2890 499 2939 eii
515 2890 608 2939 facinus
624 2892 710 2941 molles
728 2893 844 2941 evolvere
859 2892 962 2942 versus:

335 2964 416 3015 Multa
431 2965 489 3014 litet
507 2963 574 3013 castre
588 2978 637 3013 non
654 2954 764 3014 facienda
781 2966 873 3031 legant.

298 3032 376 3102 Saepe'
387 3037 507 3103 supercilii
522 3036 598 3085 nudas
614 3047 723 3086 matrona
740 3038 837 3094 severi.

237 3123 289 3172 310
337 3110 369 3161 Et
385 3110 492 3164 Veneris
506 3108 594 3161 stantes
609 3109 731 3179 eugenue
747 3128 839 3170 omne,
858 3107 935 3161 videt.
