2367 3942
153 410 161 418 ’
225 424 530 499 rariorum
556 422 760 500 LimVI.
813 446 887 521 149
937 452 943 465 ·

167 546 287 603 Rumor,
304 555 334 596 ut
348 542 384 594 est
399 545 493 601 velox,
511 542 608 611 agitatis
621 543 735 608 pervolat
748 542 811 603 aliar

212 617 453 684 Estquefsrequens,
469 617 534 674 luo,
552 630 642 668 nomen
657 615 683 664 in
698 631 743 667 ore
758 629 835 669 tuum.

172 689 277 756 Hospita
295 688 435 741 Carmentis
451 688 514 741 filos
529 688 625 740 intrasse
643 700 745 753 penates
916 728 920 735 .
944 718 948 727 ·

212 763 331 821 Diceris,
350 762 376 813 δι
392 764 489 829 longam
505 760 636 827 deposuisse
652 762 748 812 samem
896 776 948 829 530

173 835 250 904 Lilia,
263 834 309 889 sust
322 848 453 901 properata
468 852 555 893 manu,
570 834 678 901 Tegeaea
692 834 804 887 sacerdos
858 864 862 869 ·

211 907 329 958 Traditur
344 908 369 957 in
388 907 466 962 subito
482 907 551 959 cosla
567 906 656 958 dedisse
669 906 739 959 soco.

175 981 247 1031 Nunc
261 997 360 1048 quoque
373 979 423 1031 liba
436 979 523 1047 juvant
537 980 602 1031 sellis
617 979 762 1048 Matralibus
774 980 850 1035 illam.
878 998 882 1005 ·
948 1018 952 1025 -

211 1052 307 1103 Rustica
324 1053 437 1119 sedulitaa
448 1055 546 1121 gratior
559 1066 613 1103 arte
628 1053 685 1115 suit.
711 1072 714 1079 ·

174 1128 265 1186 Nunc,
280 1127 316 1177 ait
327 1158 336 1187 ‚
348 1143 366 1177 o
382 1125 390 1174 l
404 1140 492 1186 vates,
509 1126 633 1177 venientia
650 1126 702 1177 sata
715 1126 828 1195 resigna,
894 1142 923 1191 53
932 1124 948 1189 ς’

210 1200 267 1264 Qua
279 1201 340 1251 licet
352 1216 362 1251 e
374 1200 482 1267 hospitiis
495 1201 568 1259 hoc«,
581 1216 689 1267 precor,
706 1201 766 1251 adde
783 1202 852 1265 meis.

175 1272 249 1323 Parva
264 1291 334 1324 mora
350 1272 384 1326 esl
397 1289 406 1324 t
420 1274 510 1323 coelum
524 1287 593 1323 vates
607 1290 636 1325 ac
652 1273 748 1335 numina
764 1273 855 1331 sentit,

209 1347 297 1412 sitque
314 1346 351 1397 sui
365 1358 421 1397 toto
437 1346 535 1412 pellore
552 1348 624 1411 plena
640 1346 700 1397 Dei.

174 1419 225 1469 vix
238 1419 303 1476 illam
318 1417 396 1470 subito
407 1418 486 1485 posses
501 1419 650 1487 cognoscere
662 1436 671 1477 ς
687 1431 756 1469 tanto

208 1492 338 1550 Sanffion
353 1491 380 1542 ἃ
393 1504 464 1543 tanto
477 1524 486 1549 ‚
505 1496 577 1557 quam
590 1492 682 1548 modi),
701 1490 778 1557 major
792 1502 854 1541 erat.
894 1507 946 1554 540

174 1563 240 1613 Lata
256 1580 358 1615 canam:
372 1562 482 1623 Gaude,
500 1564 611 1616 desuusla
627 1563 767 1621 laboribus,
786 1564 850 1623 lno,

209 1637 300 1696 Dixin
318 1638 346 1692 &v
360 1638 416 1687 huic
433 1637 527 1703 populo
543 1637 645 1689 dextera
663 1636 756 1703 semper
771 1636 836 1687 ades.

173 1711 269 1761 Numen
282 1710 331 1761 eris
339 1711 426 1777 pelagi
442 1726 450 1761 :
464 1723 548 1761 natum
565 1726 663 1777 quoque
677 1724 768 1776 pontus
783 1710 889 1763 habebit.

208 1784 237 1831 ln
252 1783 335 1833 vestris
350 1785 415 1834 aliud
432 1783 516 1835 sumite
533 1786 623 1835 nometi
638 1784 717 1851 aquit.

172 1855 315 1907 Leucothee'
332 1857 432 1922 Graiis,
451 1858 547 1908 Matuta
560 1859 683 1910 vocabere
699 1856 791 1909 notris.
892 1874 942 1923 545

209 1929 237 1978 ln
252 1942 339 1995 portus
354 1943 412 1980 nato
429 1930 467 1996 jus
482 1932 529 1981 erit
544 1948 617 1982 omne
633 1944 689 1981 ruo.

173 2000 254 2065 Quem
267 2018 315 2053 nos
331 2001 482 2060 Portunum,
496 2004 536 2053 sua
551 2007 633 2071 lingua
646 2004 782 2055 Palaemona
795 2003 872 2055 dicet.

208 2075 264 2134 lte,
281 2091 393 2140 precor,
413 2074 497 2125 nostris
511 2092 593 2140 aequus
610 2088 711 2143 uterque
727 2078 799 2127 locis.
823 2122 825 2128 .

172 2146 316 2199 Annuerant
329 2162 338 2197 t
351 2145 461 2212 promissa
475 2146 534 2197 fides
549 2148 668 2214 :posuere
684 2152 788 2201 labores.

207 2220 312 2272 Nomina
327 2232 449 2276 mutarunt
463 2235 474 2269 .·
488 2222 528 2271 hic
543 2221 635 2284 Deus,
652 2224 692 2273 illa
707 2224 771 2293 Dea¹
781 2223 823 2275 est.
891 2238 903 2286 5
910 2238 943 2285 50

174 2291 225 2343 Cur
240 2307 312 2345 vetet
326 2294 426 2346 ancillas
441 2293 581 2345 accudere?
598 2297 704 2361 quaeritis
716 2312 723 2346 :
736 2296 797 2347 odit.

206 2366 401 2432 Principiumque
419 2367 486 2427 odii,
502 2369 524 2417 si
539 2370 601 2419 sinat
616 2359 680 2434 ipsa,
698 2386 790 2419 canam.

172 2438 226 2489 Una
243 2439 402 2492 ministrarum
417 2439 485 2491 solita
501 2440 556 2499 est,
578 2441 700 2501 Cadmei,
717 2454 811 2491 tuarum

206 2513 278 2578 Saepe
293 2513 335 2561 sub
348 2513 598 2581 amplexio-conjugis
610 2514 647 2563 ire
662 2515 707 2565 tui.

171 2585 295 2651 improbus
310 2586 373 2635 hane
389 2587 503 2636 Athamas
519 2587 601 2638 furtim
618 2587 703 2637 dilexit
719 2602 726 2637 ε
742 2588 771 2635 ab
787 2587 828 2637 illa
890 2600 939 2651 555

206 2658 334 2723 Comperit
349 2660 462 2725 agricolis
480 2659 568 2709 semina
583 2659 645 2709 tosta
661 2660 722 2709 dari.

170 2730 221 2796 Ipsa
234 2731 333 2796 quidem
350 2731 431 2781 secisse
446 2743 538 2798 negat,
558 2732 600 2780 sed
615 2732 677 2782 sama
693 2732 798 2798 recepit.

205 2803 262 2853 Hoc
279 2802 314 2853 est
331 2819 375 2853 cur
390 2804 494 2857 odiorsit
504 2804 549 2853 tibi
563 2804 633 2858 serva
646 2822 739 2855 manus.
774 2850 792 2875 ,¹

169 2876 226 2927 Nou
238 2889 322 2927 tamen
335 2877 398 2927 hanc
414 2894 459 2941 pro
475 2876 545 2941 slixpe
559 2877 599 2927 sul
613 2878 653 2944 pia
666 2890 743 2929 mater
758 2876 853 2929 adoret.
934 2920 937 2929 ,

203 2950 256 3015 ipsa
268 2966 356 3014 parum
372 2949 429 2999 selix
445 2949 494 2999 visa
509 2949 575 3001 fuisse
590 2967 687 3015 parens.
891 2946 941 3013 560

168 3021 274 3073 Alterius
291 3022 388 3087 prolem
401 3022 645 3091 melius=maudabitis
661 3022 707 3073 illi.

202 3095 295 3153 Utilior
311 3094 432 3156 Baccho.
450 3098 521 3163 quam
533 3096 580 3149 suit
593 3094 643 3163 ipsa
658 3095 717 3162 spiri
769 3100 830 3217 ρ’...

807 3182 832 3233 ll]
