2367 3942
270 415 705 504 Tarsrrnmlra'.
735 405 780 505 V}
829 451 902 528 253

191 554 332 622 Adjicerem
349 553 376 604 bt
391 551 484 602 nostros
497 551 557 602 :sed
574 569 605 602 ne
623 553 733 620 contagia
749 553 792 603 fati
914 566 946 615 25

228 629 411 692 Corrumpunt,
425 625 519 683 timeo,
536 641 596 690 quos
611 626 660 692 agit
675 625 743 691 ipsa,
763 627 820 676 mei.

191 699 235 750 Nil
247 699 342 750 homini
358 710 450 748 certum
466 697 521 747 est:
537 696 589 747 fieri
603 697 657 766 quis
670 698 736 763 poise
753 711 869 764 putaret,

227 773 264 822 Ut
279 773 390 823 facerem
402 771 428 820 in
442 771 531 821 mediis
541 771 595 820 baec
611 771 737 838 egosaeta
755 771 851 822 Getis?

190 845 279 913 Aspice
289 857 342 903 ,ut
355 860 414 892 aura
430 854 511 893 mmen
528 843 607 894 fumos
624 861 638 894 e
656 857 711 894 ture
728 858 829 896 coortos

228 919 256 967 ln
273 929 357 984 partes
371 917 443 968 Italas
453 916 507 974 ,.&
523 916 578 965 loca
592 916 695 976 dextra,
714 917 785 970 ferat.
912 930 947 984 30

192 990 279 1041 Sensus
293 989 354 1039 inest
367 989 440 1056 igitur
454 988 568 1048 nebulis,
587 1005 646 1055 quas
661 990 737 1058 exigit
754 991 815 1061 ignis
831 1007 839 1042 ι

227 1063 365 1113 Consilium
380 1061 476 1129 lugiunt
493 1073 575 1111 cetera
590 1079 659 1128 paene
673 1079 762 1115 meum.

190 1135 304 1186 Consilio
319 1151 448 1184 commune
462 1134 555 1184 sacrum
571 1133 624 1184 tirm
639 1135 682 1186 fiat
699 1137 723 1186 in
739 1153 780 1188 ara

225 1209 369 1266 Fratribus,
387 1206 480 1257 alterni
493 1209 536 1273 qui
547 1209 643 1274 periere
657 1225 749 1268 manu,

188 1280 240 1347 ipsa
258 1282 305 1331 sibi
320 1281 431 1338 discors,
451 1291 570 1347 tamquam
584 1283 711 1332 mandetur
724 1283 754 1332 ab
771 1281 837 1342 illis,
912 1293 925 1348 3
932 1297 944 1346 5

225 1354 349 1404 Scinditur
365 1354 391 1402 in
406 1365 488 1419 partes
504 1366 556 1403 atra
572 1356 654 1405 favilla
671 1355 740 1405 duas.

187 1426 265 1487 Hoc,
281 1426 398 1485 memini,
416 1425 537 1492 quondam
550 1425 604 1477 lieri
618 1441 670 1478 'non
684 1427 750 1494 polle
767 1429 902 1494 loquebar:

223 1500 255 1549 Et
274 1517 314 1550 me
330 1499 454 1550 liattiades
469 1498 551 1565 judice
567 1500 639 1550 falsus
656 1514 718 1550 erar.

188 1571 279 1623 Omnia
290 1589 355 1622 nunc
367 1573 442 1622 credo
453 1605 461 1630 ,
482 1570 539 1621 crim
548 1585 574 1622 tu
584 1589 637 1622 non·
646 1573 731 1623 stultus
741 1574 770 1622 ab
781 1571 855 1626 Arno

147 1662 150 1666 ⁴
221 1647 306 1713 Terga
324 1661 401 1710 vapor
414 1645 530 1704 dederis,
544 1646 722 1713 Ausoniamque
736 1657 814 1711 petas.
907 1662 943 1709 40

187 1717 250 1768 Haec
264 1719 340 1785 igitur
355 1719 397 1768 lux
412 1717 465 1776 est,
484 1735 537 1783 quae
555 1720 575 1768 si
594 1735 643 1769 non
659 1733 712 1770 orta
729 1717 828 1780 iuifl'et,

223 1792 298 1840 Nulla
315 1791 361 1840 fuit
376 1790 463 1840 misero
480 1791 537 1840 fella
549 1792 652 1843 videnda
667 1793 734 1844 mibi.

186 1861 270 1914 Edidit
284 1864 339 1912 baec
355 1879 436 1914 mores
451 1863 498 1913 illis
512 1865 621 1916 heroisin
637 1883 741 1934 aequos,

224 1935 288 2000 Quis
305 1948 362 1985 erat
370 1936 459 1986 Eetion
476 1937 616 2006 lentiusque
634 1953 713 2004 pater.

185 2009 247 2058 Nata
259 2009 374 2075 pudicitia
385 2009 434 2068 est
449 2026 530 2060 mores
541 2013 737 2078 ‚probitasque,
754 2010 879 2077 fidesque:
907 2026 940 2074 45

220 2085 256 2133 At
272 2099 324 2131 non
337 2082 390 2132 sunt
406 2081 449 2132 ista
463 2084 548 2150 gaudia
565 2095 621 2139 nata
639 2085 688 2134 die.

184 2154 233 2204 Sed
249 2156 339 2212 labor,
356 2155 386 2206 bt
397 2173 482 2215 curae,
497 2157 644 2222 fortunaque
658 2155 785 2206 moribus'
779 2173 878 2223 impar:

219 2228 333 2295 iustaque
349 2228 379 2278 de
394 2229 470 2279 viduo
486 2245 555 2292 paene
568 2232 668 2297 querela
685 2241 750 2280 toro.

183 2299 288 2367 Sqilicet
302 2301 408 2352 adversis
423 2303 531 2368 probitas
548 2305 656 2353 exercita
671 2305 743 2353 rebus

218 2373 292 2423 Tristi
306 2375 429 2424 materiam
443 2387 555 2440 tempore
571 2377 647 2426 fandis
663 2377 746 2426 habet.
908 2391 941 2443 50

184 2445 208 2494 Si
224 2446 283 2497 nibil
298 2447 375 2496 infesti
395 2448 468 2498 durus
484 2447 580 2498 vidisset
598 2448 713 2522 Ulyss'es,

219 2519 345 2586 Penelope
361 2520 439 2580 felir,
458 2521 535 2570 ied'
516 2538 570 2571 sane
585 2523 677 2582 laude,
695 2523 771 2573 foret.

183 2591 270 2643 Vilior
287 2591 453 2642 Echionias'
433 2611 453 2644 ει
468 2595 506 2644 vir
521 2595 689 2660 penetraffet
682 2613 707 2645 m
723 2611 815 2657 arces,

217 2661 332 2715 Forsitan
348 2665 504 2716 Evadnen
480 2684 523 2717 vix
539 2669 578 2717 sua
594 2668 670 2718 nollet
684 2669 780 2720 humus.

182 2736 245 2786 Cum
262 2737 330 2788 Pelia
345 2749 385 2788 tot
400 2735 448 2790 sint
461 2741 570 2808 genitae,
590 2758 634 2792 cur
650 2743 740 2794 nobilis
754 2759 801 2794 una
816 2739 897 2794 eii?
893 2758 918 2808 5
925 2757 938 2807 5

216 2811 301 2878 Nupta
316 2812 363 2862 luit
378 2813 466 2864 misero
481 2829 568 2881 nempe
585 2816 650 2882 quod
667 2833 714 2874 una
731 2816 796 2866 viro.

179 2881 273 2943 Effice,
291 2896 319 2934 ut
333 2884 420 2935 iliacas
434 2900 518 2955 tangat
534 2887 601 2954 prior
616 2889 678 2939 alter
695 2903 801 2946 areum

216 2956 364 3016 Laodamia,
384 2959 463 3017 nibss,
478 2977 520 3009 cur
536 2960 680 3018 referatur,
697 2959 755 3009 erit.

178 3026 210 3081 Et
224 3041 284 3088 tua,
304 3032 369 3096 quod
385 3033 479 3081 mallem
494 3065 501 3089 ,
517 3034 595 3096 pietas
610 3033 694 3100 ignota
710 3043 820 3086 maneret
830 3066 842 3094 ‚.

213 3102 355 3173 lupleffent
366 3104 440 3156 venti
453 3106 477 3158 si
490 3121 544 3157 mea
557 3106 611 3158 vela
626 3107 675 3159 fuit
902 3100 951 3158 60'
