2367 3942
204 521 212 533 ,
257 454 548 525 Terrarum
574 454 682 523 cra.
704 454 768 524 ΙΙ.
823 466 896 548 19'7

184 570 222 624 sic
236 574 345 624 madidos
363 574 439 623 siccat
455 573 536 641 digitis
550 574 637 626 Venus
653 572 699 622 uda
717 573 838 640 capillos:

214 641 251 697 Et
267 645 343 697 modd
358 646 472 697 maternis
490 646 553 695 recia
568 646 667 695 videtur
683 645 758 712 aquis.

185 720 248 769 Bella
264 720 350 769 sonant
366 720 428 777 alii,
447 719 502 769 telis
520 718 628 769 instruile
647 720 774 777 cruentis;

220 792 328 859 Parsque
343 793 380 841 tui
396 792 511 859 generis,
529 808 584 857 pars
601 805 643 841 tua
659 791 720 841 faena
736 804 833 845 canunt.
905 804 957 857 530

185 865 266 915 Invida
282 882 322 934 me
339 864 415 931 spatio
429 866 520 914 Natura
537 864 650 915 coercuit
661 864 746 923 aruo,

220 936 322 1005 Ingenio
338 938 403 987 vires
419 939 566 1004 exiguasque
585 936 661 987 dedit.

187 1009 216 1060 Et
231 1022 314 1061 tamen
330 1010 371 1060 ille
387 1022 435 1059 tuae
450 1011 512 1060 felix
525 1008 647 1060 AEneidos
662 1009 763 1069 audior,

222 1082 337 1133 Contulit
352 1082 377 1132 in
393 1082 483 1149 Tyrios
499 1100 564 1133 arma
579 1083 704 1149 virumque
720 1096 811 1141 toros;

187 1156 238 1205 Nec
252 1156 344 1223 legitur
358 1172 413 1220 pars
429 1156 478 1204 ulla
494 1157 570 1223 magis
585 1156 615 1205 de
633 1172 737 1222 corpore
753 1168 828 1215 toro,
906 1169 934 1218 ς’,
942 1170 954 1218 5

222 1227 302 1291 Quam
316 1244 365 1291 non
381 1229 488 1295 legirim0
505 1229 599 1279 foedere
612 1228 708 1294 luridus
725 1246 802 1278 amor.

186 1299 301 1367 ,Phyllidis
317 1301 357 1350 hic
372 1301 456 1360 idem,
476 1315 624 1368 tenerosque
641 1302 796 1369 Amaryllidis
813 1300 898 1368 ignes,

220 1373 342 1424 Bucolicis
356 1373 454 1440 juvenis
471 1373 560 1424 luserat
575 1386 633 1425 ante
647 1375 734 1425 modis.

186 1447 236 1495 Nos
255 1464 352 1513 quoque
369 1445 418 1512 jam
432 1448 526 1513 pridem
543 1448 634 1513 scripto
651 1446 807 1512 peccavimus
824 1462 884 1494 uno.

219 1511 368 1585 Supplicium
382 1522 473 1585 patitur
490 1535 540 1569 non
554 1535 619 1568 nova
633 1520 704 1583 culpa
720 1535 819 1568 novum.
906 1534 957 1580 540

186 1591 343 1661 carminaque
357 1592 503 1650 edideram,
522 1589 577 1641 crim
592 1602 619 1642 te
637 1591 722 1641 delida
737 1604 861 1643 notantem

219 1664 326 1716 Praeterii
345 1667 421 1731 toties
435 1665 491 1730 jure
508 1665 604 1731 quietus
619 1681 705 1731 eques.

185 1738 269 1805 Ergo,
287 1757 340 1806 quae
354 1738 440 1805 juveni
456 1738 514 1788 mihi
527 1734 580 1789 'non
596 1738 707 1790 nocitura
722 1737 807 1806 putavi

218 1811 315 1878 Scripta
330 1829 414 1877 parum
430 1812 556 1879 prudens,
574 1828 638 1862 nunc
653 1828 760 1863 nocuere
776 1808 848 1863 seni?

183 1882 241 1934 Sera
257 1885 402 1935 redundavit
413 1886 503 1936 veteris
517 1884 620 1935 vindicii
636 1886 733 1945 libelli,
891 1898 937 1947 '54
941 1896 953 1947 5

217 1956 298 2007 Distat
317 1957 343 2007 dc
357 1974 372 2006 a
387 1958 467 2008 meriti
483 1970 595 2024 tempore
609 1974 682 2025 poena
696 1959 740 2008 sui.

105 2047 108 2052 ·
182 2030 220 2080 Ne
232 2041 318 2081 tamen
335 2046 407 2078 omne
422 2046 501 2079 meum
513 2032 597 2081 credas
615 2046 677 2097 opus
692 2029 740 2081 eise
757 2025 894 2087 remissum,

217 2103 290 2169 Saepe
306 2100 363 2149 dedi
379 2100 461 2151 nostrae
476 2105 570 2168 grandia
583 2106 641 2154 vela
657 2104 713 2154 rati.

184 2174 296 2242 Sexego
312 2173 433 2225 Fastorum
449 2174 530 2242 scripsi
544 2178 696 2243 totidemque
711 2174 829 2235 libellos3

218 2247 333 2313 Cumque
349 2247 392 2297 suo
406 2246 478 2299 finem
497 2250 577 2300 mense
595 2250 710 2299 volumen
725 2250 809 2298 habet.
904 2260 917 2309 5
923 2260 957 2309 5o

183 2320 259 2385 idque
276 2332 322 2369 tuo
339 2337 416 2385 nuper
432 2322 544 2386 scriptum
560 2322 601 2372 suh
620 2323 738 2379 nomine,
757 2320 857 2379 Caelar,

217 2392 250 2442 Et
266 2392 313 2442 tibi
329 2392 445 2449 sacratum
461 2394 512 2444 sors
526 2410 579 2443 mea
596 2393 660 2461 rupit
677 2410 748 2461 opus.

184 2464 215 2513 Et
232 2465 341 2516 dedimus
356 2468 453 2534 tragicis
469 2468 584 2532 scriptum
600 2469 682 2535 regale
701 2466 824 2516 cothurnis
837 2482 846 2523 ;

220 2536 333 2604 Quaeque
349 2540 427 2606 gravis
445 2541 519 2598 dehet
534 2538 610 2588 v'erba
621 2541 760 2590 ¹cothurnus
777 2539 861 2587 habet.

184 2609 304 2676 Diiiaque
315 2611 370 2661 sunt
379 2613 467 2671 nobis,
486 2613 595 2679 quamvis
609 2628 691 2663 manus
702 2612 784 2667 ultima
796 2622 879 2677 coepto
906 2621 918 2671 5
924 2622 956 2670 55

220 2682 330 2742 Defuit,
350 2685 375 2733 in
388 2684 465 2735 facies
480 2701 584 2749 corpora
598 2684 666 2735 versa
681 2700 765 2735 novas.

182 2754 266 2822 Atque
280 2756 371 2808 utinam
386 2774 490 2809 revoces
505 2757 609 2806 animum
623 2758 740 2823 paulisper
756 2756 786 2805 ab
801 2755 836 2807 ira
849 2753 856 2804 l

220 2828 252 2879 Et
267 2846 347 2880 vacuo
362 2828 447 2895 jubeas
464 2831 521 2881 hinc
537 2830 580 2879 ribi
597 2847 674 2897 pauca
688 2830 737 2895 legi
752 2828 759 2877 !

184 2900 279 2962 Pauca,
303 2903 388 2969 quibus
406 2903 481 2971 primi
491 2903 596 2971 ,surgens
611 2904 642 2953 ab
659 2902 752 2969 origine
768 2898 868 2957 mundi,

220 2975 248 3026 ln
265 2987 308 3026 tua
323 2976 413 3025 deduxi
429 2989 558 3041 tempora,
577 2975 675 3032 Caesar,
697 2990 757 3040 opus
770 2989 778 3023 r
908 2968 959 3033 560

183 3046 313 3113 Aspicies,
331 3061 445 3114 qnantum
462 3048 558 3098 dederis
575 3048 634 3098 mihi
648 3046 752 3113 pedoris
770 3045 842 3113 ipset

221 3120 331 3191 Quoque
348 3122 433 3176 favore
451 3122 523 3171 animi
539 3132 613 3192 teque
630 3132 734 3186 tuosque
753 3134 845 3169 canam.

797 3190 849 3257 rnj
925 3256 935 3275 .
