2367 3942
147 525 152 534 ,
253 463 538 529 ansrrun
563 460 673 528 Lis.
698 460 784 527 III.
813 481 887 551 219
940 469 959 544 J

174 584 228 637 Janr
242 581 334 631 violam
348 579 465 644 puerique
480 579 564 644 legunt
580 577 717 644 hilaresque
733 580 839 642 puellae,
899 599 911 644 5

212 653 311 705 Rustica
328 669 398 717 quarn
413 652 480 700 nullo
496 661 561 699 terra
575 649 671 700 serente
688 651 759 717 gerit.

176 729 299 792 Prataque
314 723 448 790 pubescunt
463 723 584 773 variorum
600 723 661 774 llore
678 725 806 783 colorum,

213 799 368 864 indocilique
383 799 473 863 loquax
490 808 589 863 gutture
606 807 691 846 vernat
707 797 768 846 avis.

176 871 261 939 thue
279 873 348 921 rnalae
363 871 455 920 crimen
471 869 553 918 rnatris
570 868 676 933 deponat
693 867 814 932 hirundo,

215 948 265 995 Sub
281 945 389 994 trabibus
404 959 476 992 cunas
491 957 613 1008 parvaque
628 940 691 992 tella
707 942 774 992 satit.
902 965 935 1000 10

178 1020 332 1084 Herbaque‚
352 1034 405 1083 quae
420 1015 490 1065 latuit
503 1014 645 1064 Cerealibus
663 1016 749 1066 obruta
763 1015 853 1079 sulcis,

215 1091 310 1142 Enserit
323 1106 338 1138 e
356 1088 439 1155 tepidi
455 1089 528 1137 molle
545 1104 663 1138 cacumen
678 1087 760 1138 humo.

180 1165 290 1230 Quoque
301 1165 360 1211 loco
370 1161 469 1211 estrvitis
481 1193 489 1220 ‚
502 1162 533 1210 de
543 1162 642 1226 palmite
654 1177 747 1228 gemma
757 1177 867 1216 movetur
879 1181 887 1218 2

216 1239 279 1287 Nam
295 1237 382 1301 procul
398 1253 411 1284 a
430 1231 521 1284 Getico
537 1235 610 1283 litore
625 1234 681 1285 vitis
698 1235 771 1284 abest.

178 1310 288 1376 Quoque
300 1311 357 1358 loco
368 1306 401 1357 est
411 1308 482 1357 arbor
493 1340 501 1364 ,
513 1307 628 1374 turgescit
637 1308 663 1356 in
674 1309 760 1358 arbore
772 1326 850 1360 ramus
863 1327 871 1362 t
903 1326 932 1374 15

217 1383 281 1432 Nam
296 1383 383 1447 procul
398 1398 412 1430 a
430 1379 525 1430 Geticis
539 1379 625 1430 finibus
640 1381 800 1442 arborfflbesl.

181 1455 242 1507 Otia
255 1472 321 1506 nunc
334 1455 385 1504 illic
397 1471 404 1504 t
418 1453 551 1520 junslisque
565 1471 597 1503 ex
613 1454 698 1502 ordine
712 1455 774 1504 ludis

118 1592 124 1598 ι
219 1527 320 1578 Cedunt
335 1528 433 1577 verbosi
448 1528 543 1594 garrula
557 1527 622 1576 bella
637 1526 700 1588 fori„
797 1585 799 1592 Α

180 1601 244 1652 Usus
263 1602 319 1668 equi
335 1617 398 1650 nune
415 1600 464 1659 est,
486 1600 579 1650 levibus
595 1615 658 1649 nunc
672 1598 763 1650 luditur
777 1600 869 1651 armis:

217 1675 289 1724 Nunc
305 1674 370 1739 pila,
392 1690 456 1722 nunc
473 1673 547 1722 celeri
562 1673 671 1722 volvitur
688 1673 747 1722 orbe
763 1675 870 1725 trochus.
900 1691 936 1725 20

179 1749 272 1804 Nunc,
293 1747 334 1795 ubi
343 1745 493 1812 perlusaesl
507 1746 564 1795 oleo
580 1746 677 1795 labente
691 1745 826 1811 juventus,

215 1818 330 1870 Desesl'os
348 1831 413 1869 artus
429 1818 530 1886 Virgine
547 1819 618 1886 tingit
634 1819 704 1887 aqui.

180 1895 260 1944 Stena
273 1893 360 1959 viget,
379 1891 507 1957 studiisque
519 1891 587 1942 favor
604 1892 742 1942 distantibus
759 1893 847 1961 ardete

216 1966 314 2032 Proque
331 1965 409 2013 tribus
423 1963 537 2013 resonant
550 1977 621 2012 terna
636 1965 744 2014 Theatra
760 1966 837 2016 Foris.

180 2039 204 2090 Ο
218 2039 225 2088 l
239 2051 343 2106 quater,
356 2037 382 2085 ὃ(
391 2034 548 2100 quoties-non
557 2034 591 2082 est
601 2052 744 2094 numerare,
755 2039 851 2088 beatutn
863 2068 871 2097 ‚
899 2054 914 2088 2
919 2054 931 2101 5

215 2113 273 2162 Non
289 2106 418 2158 interditia
432 2106 471 2156 cui
487 2105 546 2156 licet
559 2105 628 2156 Urbe
642 2108 689 2161 frui
705 2107 710 2156 l

181 2186 214 2234 At
229 2183 290 2256 nqihi
306 2181 409 2231 sentitur
423 2179 465 2228 nix
479 2195 557 2229 verno
572 2179 623 2229 sole
641 2179 737 2237 soluta,

216 2257 329 2321 Quaque
345 2256 400 2303 latu
416 2254 477 2303 duro
492 2253 534 2303 vix
549 2252 672 2303 fodiantur
686 2269 763 2319 aquae.

180 2332 311 2380 Neomare
323 2323 458 2376 concrescit
468 2327 546 2394 glacie
557 2341 565 2376 t
577 2342 640 2385 nec,
652 2338 680 2376 ut
689 2338 745 2376 ante
752 2359 759 2385 ‚
772 2343 815 2390 per
826 2326 906 2379 illrum

217 2401 322 2450 Stridula
339 2402 493 2449 Sauromates
506 2397 607 2464 plaustra
623 2401 742 2450 bubulcus
757 2401 817 2466 agit.
900 2415 933 2466 30

183 2474 302 2540 incipient
318 2474 405 2539 aliquae
420 2487 501 2521 tamen
516 2474 564 2523 huc
578 2472 666 2522 adnare
683 2472 789 2532 carinae,

218 2547 368 2613 Hospitaque
383 2547 408 2594 in
421 2540 493 2595 Ponti
508 2547 580 2595 litore
594 2547 680 2612 puppis
696 2547 752 2596 erit.

182 2621 285 2670 Sedulus
300 2636 424 2669 occurram
438 2631 517 2669 nautae
533 2635 541 2670 ε
557 2618 666 2684 dislique
680 2618 775 2677 salute,

220 2693 286 2758 Quid
299 2692 397 2749 veniat.
415 2709 538 2758 quaeram,
554 2691 657 2757 quisve,
673 2691 789 2757 quibusve
804 2691 886 2749 locis,

184 2767 227 2815 llle
244 2765 340 2831 quidem
351 2766 455 2824 mirum,
472 2764 515 2823 ni,
531 2765 561 2814 de
573 2765 674 2831 regione
689 2764 840 2832 propinqui,
898 2777 931 2828 35

218 2840 277 2888 Non
294 2838 338 2886 nisi
353 2839 442 2888 vicinas
457 2851 541 2888 cautus
557 2837 630 2887 ararit
645 2855 726 2903 aquas.

182 2910 259 2962 Rarus
276 2911 307 2959 ab
322 2910 390 2962 ltalia
404 2923 497 2961 tanturn
510 2927 575 2960 mare
591 2912 672 2959 navita
688 2909 772 2959 transit
786 2923 795 2958 t

219 2985 302 3033 Litora
317 2999 382 3034 rarus
396 2985 420 3033 in
435 2985 487 3034 haec
501 2986 617 3048 portubus
633 2983 691 3032 orba
706 2982 782 3030 venit.

184 3057 241 3107 Sive
254 3068 335 3106 tamen
353 3055 429 3122 Grajl
442 3056 541 3112 scierit,
556 3057 608 3106 sive
622 3056 663 3104 illo
678 3053 763 3104 Latini

218 3129 291 3203 Voce
305 3130 393 3196 loqui3
411 3128 479 3180 certe
495 3129 585 3197 gratior
601 3127 671 3192 hujus
688 3127 743 3176 erit.
789 3194 841 3247 K„
896 3141 932 3186 40

826 3212 842 3260 11
