<?xml version="1.0" encoding="UTF-8"?>
<!DOCTYPE html PUBLIC "-//W3C//DTD XHTML 1.0 Transitional//EN"
    "http://www.w3.org/TR/xhtml1/DTD/xhtml1-transitional.dtd">
<html xmlns="http://www.w3.org/1999/xhtml" xml:lang="en" lang="en">
 <head>
  <title>
</title>
<meta http-equiv="Content-Type" content="text/html;charset=utf-8" />
  <meta name='ocr-system' content='tesseract 3.04.00' />
  <meta name='ocr-capabilities' content='ocr_page ocr_carea ocr_par ocr_line ocrx_word'/>
</head>
<body>
  <div class='ocr_page' id='page_1' title='image "./povidiinasoniso01heingoog_0208.png"; bbox 0 0 2367 3942; ppageno 0'>
   <div class='ocr_carea' id='block_1_1' title="bbox 244 482 882 580">
    <p class='ocr_par' dir='ltr' id='par_1_1' title="bbox 244 482 882 580">
     <span class='ocr_line' id='line_1_1' title="bbox 244 482 882 580; baseline 0.011 -29"><span class='ocrx_word' id='word_1_1' title='bbox 244 483 516 553; x_wconf 80' lang='lat' dir='ltr'>ansrrvnr</span> <span class='ocrx_word' id='word_1_2' title='bbox 543 482 651 551; x_wconf 68' lang='grc' dir='ltr'>ιη.</span> <span class='ocrx_word' id='word_1_3' title='bbox 678 482 783 552; x_wconf 53' lang='grc' dir='ltr'>ΙΙΙ»</span> <span class='ocrx_word' id='word_1_4' title='bbox 806 507 882 580; x_wconf 86' lang='lat'>207</span> 
     </span>
    </p>
   </div>
   <div class='ocr_carea' id='block_1_2' title="bbox 126 601 944 1914">
    <p class='ocr_par' dir='ltr' id='par_1_2' title="bbox 177 601 944 742">
     <span class='ocr_line' id='line_1_2' title="bbox 177 601 944 671; baseline 0.004 -18"><span class='ocrx_word' id='word_1_5' title='bbox 177 601 284 671; x_wconf 81' lang='lat' dir='ltr'>ingravat</span> <span class='ocrx_word' id='word_1_6' title='bbox 291 603 351 661; x_wconf 86' lang='lat' dir='ltr'>hoc,</span> <span class='ocrx_word' id='word_1_7' title='bbox 359 601 425 669; x_wconf 88' lang='lat' dir='ltr'>quod</span> <span class='ocrx_word' id='word_1_8' title='bbox 433 601 506 659; x_wconf 82' lang='lat' dir='ltr'>abell;</span> <span class='ocrx_word' id='word_1_9' title='bbox 514 602 579 652; x_wconf 80' lang='lat' dir='ltr'>levat</span> <span class='ocrx_word' id='word_1_10' title='bbox 587 602 646 660; x_wconf 88' lang='lat' dir='ltr'>hoc,</span> <span class='ocrx_word' id='word_1_11' title='bbox 654 601 718 667; x_wconf 85' lang='lat' dir='ltr'>quod</span> <span class='ocrx_word' id='word_1_12' title='bbox 726 603 820 668; x_wconf 64' lang='lat' dir='ltr'>praestat</span> <span class='ocrx_word' id='word_1_13' title='bbox 828 619 944 664; x_wconf 86' lang='lat' dir='ltr'>amorem,</span> 
     </span>
     <span class='ocr_line' id='line_1_3' title="bbox 211 673 727 742; baseline -0.002 -17"><span class='ocrx_word' id='word_1_14' title='bbox 211 677 400 742; x_wconf 85' lang='lat' dir='ltr'>Impositumque</span> <span class='ocrx_word' id='word_1_15' title='bbox 415 675 460 725; x_wconf 84' lang='lat' dir='ltr'>sibi</span> <span class='ocrx_word' id='word_1_16' title='bbox 474 673 540 724; x_wconf 87' lang='lat' dir='ltr'>firma</span> <span class='ocrx_word' id='word_1_17' title='bbox 556 686 640 724; x_wconf 83' lang='lat' dir='ltr'>tuetur</span> <span class='ocrx_word' id='word_1_18' title='bbox 655 689 727 724; x_wconf 79' lang='lat' dir='ltr'>onus.</span> 
     </span>
    </p>

    <p class='ocr_par' dir='ltr' id='par_1_3' title="bbox 177 747 829 888">
     <span class='ocr_line' id='line_1_4' title="bbox 177 747 829 816; baseline 0.002 -17"><span class='ocrx_word' id='word_1_19' title='bbox 177 747 227 804; x_wconf 85' lang='lat' dir='ltr'>Vos</span> <span class='ocrx_word' id='word_1_20' title='bbox 241 766 341 816; x_wconf 85' lang='lat' dir='ltr'>quoque</span> <span class='ocrx_word' id='word_1_21' title='bbox 355 748 491 814; x_wconf 64' lang='lat' dir='ltr'>pelloribus</span> <span class='ocrx_word' id='word_1_22' title='bbox 507 747 593 798; x_wconf 84' lang='lat' dir='ltr'>nostris</span> <span class='ocrx_word' id='word_1_23' title='bbox 607 747 723 806; x_wconf 78' lang='lat' dir='ltr'>liaeretis,</span> <span class='ocrx_word' id='word_1_24' title='bbox 737 749 829 810; x_wconf 80' lang='lat' dir='ltr'>amici,</span> 
     </span>
     <span class='ocr_line' id='line_1_5' title="bbox 209 821 792 888; baseline -0.002 -16"><span class='ocrx_word' id='word_1_25' title='bbox 209 822 300 872; x_wconf 87' lang='lat' dir='ltr'>Dicere</span> <span class='ocrx_word' id='word_1_26' title='bbox 319 838 380 888; x_wconf 88' lang='lat' dir='ltr'>quos</span> <span class='ocrx_word' id='word_1_27' title='bbox 399 821 471 887; x_wconf 88' lang='lat' dir='ltr'>cupio</span> <span class='ocrx_word' id='word_1_28' title='bbox 488 821 586 870; x_wconf 84' lang='lat' dir='ltr'>nomine</span> <span class='ocrx_word' id='word_1_29' title='bbox 604 837 724 887; x_wconf 85' lang='lat' dir='ltr'>quemque</span> <span class='ocrx_word' id='word_1_30' title='bbox 741 822 792 872; x_wconf 82' lang='lat' dir='ltr'>sno.</span> 
     </span>
    </p>

    <p class='ocr_par' dir='ltr' id='par_1_4' title="bbox 177 893 925 1036">
     <span class='ocr_line' id='line_1_6' title="bbox 177 893 925 962; baseline 0.005 -18"><span class='ocrx_word' id='word_1_31' title='bbox 177 893 221 944; x_wconf 79' lang='lat' dir='ltr'>sed</span> <span class='ocrx_word' id='word_1_32' title='bbox 235 896 307 945; x_wconf 87' lang='lat' dir='ltr'>timor</span> <span class='ocrx_word' id='word_1_33' title='bbox 322 895 429 945; x_wconf 83' lang='lat' dir='ltr'>officium</span> <span class='ocrx_word' id='word_1_34' title='bbox 444 907 529 944; x_wconf 86' lang='lat' dir='ltr'>cautus</span> <span class='ocrx_word' id='word_1_35' title='bbox 542 894 694 958; x_wconf 74' lang='lat' dir='ltr'>compescis;</span> <span class='ocrx_word' id='word_1_36' title='bbox 713 895 738 947; x_wconf 88' lang='lat'>&amp;</span> <span class='ocrx_word' id='word_1_37' title='bbox 749 895 813 962; x_wconf 79' lang='lat' dir='ltr'>ipsos</span> <span class='ocrx_word' id='word_1_38' title='bbox 892 895 908 948; x_wconf 83' lang='grc'><strong>6</strong></span> <span class='ocrx_word' id='word_1_39' title='bbox 912 911 925 960; x_wconf 84' lang='lat'><em>5</em></span> 
     </span>
     <span class='ocr_line' id='line_1_7' title="bbox 209 967 699 1036; baseline 0.004 -20"><span class='ocrx_word' id='word_1_40' title='bbox 209 967 235 1016; x_wconf 89' lang='lat' dir='ltr'>ln</span> <span class='ocrx_word' id='word_1_41' title='bbox 252 969 333 1019; x_wconf 85' lang='lat' dir='ltr'>nostro</span> <span class='ocrx_word' id='word_1_42' title='bbox 350 968 410 1036; x_wconf 89' lang='lat' dir='ltr'>poni</span> <span class='ocrx_word' id='word_1_43' title='bbox 426 968 530 1018; x_wconf 82' lang='lat' dir='ltr'>carmine</span> <span class='ocrx_word' id='word_1_44' title='bbox 547 969 614 1016; x_wconf 88' lang='lat' dir='ltr'>nolle</span> <span class='ocrx_word' id='word_1_45' title='bbox 630 979 699 1033; x_wconf 87' lang='lat' dir='ltr'>puto.</span> 
     </span>
    </p>

    <p class='ocr_par' dir='ltr' id='par_1_5' title="bbox 175 1036 812 1182">
     <span class='ocr_line' id='line_1_8' title="bbox 175 1036 812 1108; baseline 0.003 -18"><span class='ocrx_word' id='word_1_46' title='bbox 175 1036 236 1090; x_wconf 77' lang='lat' dir='ltr'>Ante</span> <span class='ocrx_word' id='word_1_47' title='bbox 251 1043 394 1100; x_wconf 82' lang='lat' dir='ltr'>volebatis,</span> <span class='ocrx_word' id='word_1_48' title='bbox 413 1041 522 1108; x_wconf 82' lang='lat' dir='ltr'>gratique</span> <span class='ocrx_word' id='word_1_49' title='bbox 539 1052 592 1091; x_wconf 85' lang='lat' dir='ltr'>erat</span> <span class='ocrx_word' id='word_1_50' title='bbox 608 1040 677 1090; x_wconf 80' lang='lat' dir='ltr'>instar</span> <span class='ocrx_word' id='word_1_51' title='bbox 693 1041 812 1102; x_wconf 83' lang='lat' dir='ltr'>honoris,</span> 
     </span>
     <span class='ocr_line' id='line_1_9' title="bbox 207 1113 747 1182; baseline -0.007 -15"><span class='ocrx_word' id='word_1_52' title='bbox 207 1115 325 1167; x_wconf 83' lang='lat' dir='ltr'>Versibus</span> <span class='ocrx_word' id='word_1_53' title='bbox 342 1117 370 1165; x_wconf 89' lang='lat' dir='ltr'>in</span> <span class='ocrx_word' id='word_1_54' title='bbox 382 1115 467 1165; x_wconf 84' lang='lat' dir='ltr'>nostris</span> <span class='ocrx_word' id='word_1_55' title='bbox 482 1115 580 1164; x_wconf 87' lang='lat' dir='ltr'>nomina</span> <span class='ocrx_word' id='word_1_56' title='bbox 596 1113 672 1164; x_wconf 82' lang='lat' dir='ltr'>vestra</span> <span class='ocrx_word' id='word_1_57' title='bbox 690 1115 747 1182; x_wconf 79' lang='lat' dir='ltr'>legi.</span> 
     </span>
    </p>

    <p class='ocr_par' dir='ltr' id='par_1_6' title="bbox 176 1182 927 1327">
     <span class='ocr_line' id='line_1_10' title="bbox 176 1182 909 1255; baseline 0.003 -20"><span class='ocrx_word' id='word_1_58' title='bbox 176 1182 245 1248; x_wconf 82' lang='lat' dir='ltr'>Quod</span> <span class='ocrx_word' id='word_1_59' title='bbox 255 1190 369 1254; x_wconf 85' lang='lat' dir='ltr'>quoniam</span> <span class='ocrx_word' id='word_1_60' title='bbox 379 1188 412 1238; x_wconf 84' lang='lat' dir='ltr'>est</span> <span class='ocrx_word' id='word_1_61' title='bbox 422 1204 512 1254; x_wconf 78' lang='lat' dir='ltr'>anceps</span> <span class='ocrx_word' id='word_1_62' title='bbox 522 1221 531 1246; x_wconf 87' lang='lat'>,</span> <span class='ocrx_word' id='word_1_63' title='bbox 544 1189 607 1237; x_wconf 82' lang='lat' dir='ltr'>intra</span> <span class='ocrx_word' id='word_1_64' title='bbox 618 1203 671 1237; x_wconf 89' lang='lat' dir='ltr'>mea</span> <span class='ocrx_word' id='word_1_65' title='bbox 681 1187 779 1252; x_wconf 67' lang='lat' dir='ltr'>pellora</span> <span class='ocrx_word' id='word_1_66' title='bbox 791 1187 909 1255; x_wconf 75' lang='lat' dir='ltr'>quemqr&#39;ie</span> 
     </span>
     <span class='ocr_line' id='line_1_11' title="bbox 208 1258 927 1327; baseline 0.001 -18"><span class='ocrx_word' id='word_1_67' title='bbox 208 1258 323 1327; x_wconf 81' lang='lat' dir='ltr'>Alloquar</span> <span class='ocrx_word' id='word_1_68' title='bbox 338 1279 346 1312; x_wconf 74' lang='lat' dir='ltr'>a</span> <span class='ocrx_word' id='word_1_69' title='bbox 362 1262 388 1312; x_wconf 74' lang='grc' dir='ltr'>δι</span> <span class='ocrx_word' id='word_1_70' title='bbox 405 1262 464 1310; x_wconf 91' lang='lat' dir='ltr'>nulli</span> <span class='ocrx_word' id='word_1_71' title='bbox 481 1261 550 1312; x_wconf 82' lang='lat' dir='ltr'>causa</span> <span class='ocrx_word' id='word_1_72' title='bbox 565 1259 661 1310; x_wconf 85' lang='lat' dir='ltr'>timoris</span> <span class='ocrx_word' id='word_1_73' title='bbox 679 1275 732 1310; x_wconf 82' lang='lat' dir='ltr'>ero.</span> <span class='ocrx_word' id='word_1_74' title='bbox 891 1277 927 1325; x_wconf 81' lang='lat'>7⁰</span> 
     </span>
    </p>

    <p class='ocr_par' dir='ltr' id='par_1_7' title="bbox 175 1328 791 1473">
     <span class='ocr_line' id='line_1_12' title="bbox 175 1328 760 1385; baseline 0.009 -6"><span class='ocrx_word' id='word_1_75' title='bbox 175 1328 225 1380; x_wconf 88' lang='lat' dir='ltr'>Nec</span> <span class='ocrx_word' id='word_1_76' title='bbox 241 1351 308 1384; x_wconf 87' lang='lat' dir='ltr'>meus</span> <span class='ocrx_word' id='word_1_77' title='bbox 323 1335 416 1384; x_wconf 87' lang='lat' dir='ltr'>indicio</span> <span class='ocrx_word' id='word_1_78' title='bbox 432 1335 556 1385; x_wconf 81' lang='lat' dir='ltr'>latitantes</span> <span class='ocrx_word' id='word_1_79' title='bbox 569 1333 654 1383; x_wconf 83' lang='lat' dir='ltr'>versus</span> <span class='ocrx_word' id='word_1_80' title='bbox 669 1333 760 1384; x_wconf 82' lang='lat' dir='ltr'>amicos</span> 
     </span>
     <span class='ocr_line' id='line_1_13' title="bbox 208 1403 791 1473; baseline 0.009 -20"><span class='ocrx_word' id='word_1_81' title='bbox 208 1403 335 1458; x_wconf 87' lang='lat' dir='ltr'>Protrahet</span> <span class='ocrx_word' id='word_1_82' title='bbox 347 1424 357 1458; x_wconf 69' lang='grc' dir='ltr'><em>τ</em></span> <span class='ocrx_word' id='word_1_83' title='bbox 370 1406 469 1457; x_wconf 65' lang='lat' dir='ltr'>occultis</span> <span class='ocrx_word' id='word_1_84' title='bbox 485 1408 505 1458; x_wconf 91' lang='lat' dir='ltr'>si</span> <span class='ocrx_word' id='word_1_85' title='bbox 520 1407 573 1473; x_wconf 83' lang='lat' dir='ltr'>quis</span> <span class='ocrx_word' id='word_1_86' title='bbox 589 1407 697 1465; x_wconf 83' lang='lat' dir='ltr'>amavit,</span> <span class='ocrx_word' id='word_1_87' title='bbox 715 1419 791 1458; x_wconf 83' lang='lat' dir='ltr'>amet.</span> 
     </span>
    </p>

    <p class='ocr_par' dir='ltr' id='par_1_8' title="bbox 176 1474 814 1618">
     <span class='ocr_line' id='line_1_14' title="bbox 176 1474 814 1548; baseline 0.006 -24"><span class='ocrx_word' id='word_1_88' title='bbox 176 1474 236 1527; x_wconf 84' lang='lat' dir='ltr'>Scite</span> <span class='ocrx_word' id='word_1_89' title='bbox 250 1491 351 1541; x_wconf 88' lang='lat' dir='ltr'>tamen,</span> <span class='ocrx_word' id='word_1_90' title='bbox 371 1480 479 1548; x_wconf 85' lang='lat' dir='ltr'>quamvis</span> <span class='ocrx_word' id='word_1_91' title='bbox 495 1480 569 1547; x_wconf 65' lang='lat' dir='ltr'>longa</span> <span class='ocrx_word' id='word_1_92' title='bbox 584 1479 685 1546; x_wconf 82' lang='lat' dir='ltr'>regione</span> <span class='ocrx_word' id='word_1_93' title='bbox 702 1491 814 1529; x_wconf 80' lang='lat' dir='ltr'>remotus</span> 
     </span>
     <span class='ocr_line' id='line_1_15' title="bbox 208 1549 755 1618; baseline 0.005 -19"><span class='ocrx_word' id='word_1_94' title='bbox 208 1549 308 1613; x_wconf 83' lang='lat' dir='ltr'>Absim,</span> <span class='ocrx_word' id='word_1_95' title='bbox 323 1570 373 1604; x_wconf 83' lang='lat' dir='ltr'>vos</span> <span class='ocrx_word' id='word_1_96' title='bbox 389 1552 470 1602; x_wconf 84' lang='lat' dir='ltr'>animo</span> <span class='ocrx_word' id='word_1_97' title='bbox 485 1551 579 1618; x_wconf 79' lang='lat' dir='ltr'>semper</span> <span class='ocrx_word' id='word_1_98' title='bbox 594 1551 672 1602; x_wconf 85' lang='lat' dir='ltr'>adesse</span> <span class='ocrx_word' id='word_1_99' title='bbox 690 1567 755 1602; x_wconf 83' lang='lat' dir='ltr'>meo.</span> 
     </span>
    </p>

    <p class='ocr_par' dir='ltr' id='par_1_9' title="bbox 126 1611 924 1767">
     <span class='ocr_line' id='line_1_16' title="bbox 126 1611 924 1694; baseline 0.003 -20"><span class='ocrx_word' id='word_1_100' title='bbox 126 1611 131 1628; x_wconf 57' lang='lat'>⁸</span> <span class='ocrx_word' id='word_1_101' title='bbox 175 1619 295 1690; x_wconf 76' lang='lat' dir='ltr'>Et,quam</span> <span class='ocrx_word' id='word_1_102' title='bbox 306 1628 411 1694; x_wconf 86' lang='lat' dir='ltr'>quisque</span> <span class='ocrx_word' id='word_1_103' title='bbox 422 1624 605 1692; x_wconf 74' lang='lat' dir='ltr'>potest,aliqua</span> <span class='ocrx_word' id='word_1_104' title='bbox 616 1625 675 1674; x_wconf 81' lang='lat' dir='ltr'>mala</span> <span class='ocrx_word' id='word_1_105' title='bbox 686 1621 764 1674; x_wconf 80' lang='lat' dir='ltr'>nostra</span> <span class='ocrx_word' id='word_1_106' title='bbox 774 1625 868 1676; x_wconf 73' lang='lat' dir='ltr'>levaret</span> <span class='ocrx_word' id='word_1_107' title='bbox 892 1639 924 1688; x_wconf 85' lang='lat'>75</span> 
     </span>
     <span class='ocr_line' id='line_1_17' title="bbox 208 1697 720 1767; baseline 0.002 -23"><span class='ocrx_word' id='word_1_108' title='bbox 208 1697 285 1748; x_wconf 77' lang='lat' dir='ltr'>fidam</span> <span class='ocrx_word' id='word_1_109' title='bbox 301 1698 417 1767; x_wconf 64' lang='lat' dir='ltr'>projeflo</span> <span class='ocrx_word' id='word_1_110' title='bbox 433 1714 495 1748; x_wconf 86' lang='lat' dir='ltr'>neve</span> <span class='ocrx_word' id='word_1_111' title='bbox 510 1711 599 1765; x_wconf 82' lang='lat' dir='ltr'>negate</span> <span class='ocrx_word' id='word_1_112' title='bbox 615 1714 720 1747; x_wconf 88' lang='lat' dir='ltr'>manum.</span> 
     </span>
    </p>

    <p class='ocr_par' dir='ltr' id='par_1_10' title="bbox 176 1763 866 1914">
     <span class='ocr_line' id='line_1_18' title="bbox 176 1763 866 1838; baseline 0.007 -24"><span class='ocrx_word' id='word_1_113' title='bbox 176 1763 284 1835; x_wconf 86' lang='lat' dir='ltr'>Prospera</span> <span class='ocrx_word' id='word_1_114' title='bbox 301 1775 339 1823; x_wconf 89' lang='lat' dir='ltr'>sic</span> <span class='ocrx_word' id='word_1_115' title='bbox 357 1771 426 1822; x_wconf 79' lang='lat' dir='ltr'>vobis</span> <span class='ocrx_word' id='word_1_116' title='bbox 441 1785 537 1822; x_wconf 88' lang='lat' dir='ltr'>maneat</span> <span class='ocrx_word' id='word_1_117' title='bbox 550 1773 658 1823; x_wconf 82' lang='lat' dir='ltr'>Fortuna</span> <span class='ocrx_word' id='word_1_118' title='bbox 670 1787 678 1822; x_wconf 80' lang='lat' dir='ltr'>s</span> <span class='ocrx_word' id='word_1_119' title='bbox 690 1787 737 1821; x_wconf 86' lang='lat' dir='ltr'>nec</span> <span class='ocrx_word' id='word_1_120' title='bbox 753 1786 866 1838; x_wconf 81' lang='lat' dir='ltr'>umquam</span> 
     </span>
     <span class='ocr_line' id='line_1_19' title="bbox 207 1841 700 1914; baseline 0.012 -22"><span class='ocrx_word' id='word_1_121' title='bbox 207 1841 319 1896; x_wconf 66' lang='lat' dir='ltr'>Contaeli</span> <span class='ocrx_word' id='word_1_122' title='bbox 336 1845 408 1894; x_wconf 86' lang='lat' dir='ltr'>simili</span> <span class='ocrx_word' id='word_1_123' title='bbox 425 1843 490 1896; x_wconf 86' lang='lat' dir='ltr'>sorte</span> <span class='ocrx_word' id='word_1_124' title='bbox 506 1845 598 1914; x_wconf 82' lang='lat' dir='ltr'>rogetis</span> <span class='ocrx_word' id='word_1_125' title='bbox 616 1861 700 1913; x_wconf 81' lang='lat' dir='ltr'>opem.</span> 
     </span>
    </p>
   </div>
   <div class='ocr_carea' id='block_1_3' title="bbox 227 1933 876 2131">
    <p class='ocr_par' dir='ltr' id='par_1_11' title="bbox 227 1933 876 2131">
     <span class='ocr_line' id='line_1_20' title="bbox 227 1933 876 2006; baseline -0.023 -13"><span class='ocrx_word' id='word_1_126' title='bbox 227 1933 876 2006; x_wconf 37' lang='grc' dir='ltr'>πῃπῇ-ῃ,</span> 
     </span>
     <span class='ocr_line' id='line_1_21' title="bbox 346 2046 732 2131; baseline -0.003 -23"><span class='ocrx_word' id='word_1_127' title='bbox 346 2046 641 2131; x_wconf 12' lang='lat' dir='ltr'>‘sanein</span> <span class='ocrx_word' id='word_1_128' title='bbox 688 2047 732 2107; x_wconf 91' lang='lat' dir='ltr'>v.</span> 
     </span>
    </p>
   </div>
   <div class='ocr_carea' id='block_1_4' title="bbox 144 2137 929 3150">
    <p class='ocr_par' dir='ltr' id='par_1_12' title="bbox 144 2137 859 2348">
     <span class='ocr_line' id='line_1_22' title="bbox 144 2137 859 2271; baseline -0.004 -14"><span class='ocrx_word' id='word_1_129' title='bbox 144 2236 147 2239; x_wconf 94' lang='lat'>·</span> <span class='ocrx_word' id='word_1_130' title='bbox 177 2137 307 2271; x_wconf 67' lang='lat' dir='ltr'>Usus</span> <span class='ocrx_word' id='word_1_131' title='bbox 326 2204 437 2258; x_wconf 79' lang='lat' dir='ltr'>amicitiae</span> <span class='ocrx_word' id='word_1_132' title='bbox 453 2217 537 2255; x_wconf 85' lang='lat' dir='ltr'>tecum</span> <span class='ocrx_word' id='word_1_133' title='bbox 553 2201 610 2252; x_wconf 82' lang='lat' dir='ltr'>milri</span> <span class='ocrx_word' id='word_1_134' title='bbox 627 2217 734 2268; x_wconf 84' lang='lat' dir='ltr'>parvus,</span> <span class='ocrx_word' id='word_1_135' title='bbox 752 2215 779 2254; x_wconf 83' lang='lat' dir='ltr'>ut</span> <span class='ocrx_word' id='word_1_136' title='bbox 793 2204 859 2254; x_wconf 88' lang='lat' dir='ltr'>illam</span> 
     </span>
     <span class='ocr_line' id='line_1_23' title="bbox 209 2275 712 2348; baseline 0.002 -23"><span class='ocrx_word' id='word_1_137' title='bbox 209 2277 265 2329; x_wconf 88' lang='lat' dir='ltr'>Non</span> <span class='ocrx_word' id='word_1_138' title='bbox 279 2279 347 2348; x_wconf 72' lang='lat' dir='ltr'>aegre</span> <span class='ocrx_word' id='word_1_139' title='bbox 363 2279 441 2346; x_wconf 85' lang='lat' dir='ltr'>polles</span> <span class='ocrx_word' id='word_1_140' title='bbox 458 2278 627 2334; x_wconf 77' lang='lat' dir='ltr'>dissimulare,</span> <span class='ocrx_word' id='word_1_141' title='bbox 645 2275 712 2334; x_wconf 84' lang='lat' dir='ltr'>fuit;</span> 
     </span>
    </p>

    <p class='ocr_par' dir='ltr' id='par_1_13' title="bbox 178 2343 787 2477">
     <span class='ocr_line' id='line_1_24' title="bbox 178 2343 787 2420; baseline -0.005 -20"><span class='ocrx_word' id='word_1_142' title='bbox 178 2343 209 2396; x_wconf 79' lang='lat' dir='ltr'>Ni</span> <span class='ocrx_word' id='word_1_143' title='bbox 223 2367 260 2402; x_wconf 88' lang='lat' dir='ltr'>me</span> <span class='ocrx_word' id='word_1_144' title='bbox 276 2353 421 2420; x_wconf 80' lang='lat' dir='ltr'>complexus</span> <span class='ocrx_word' id='word_1_145' title='bbox 435 2352 520 2402; x_wconf 85' lang='lat' dir='ltr'>vinclis</span> <span class='ocrx_word' id='word_1_146' title='bbox 537 2349 691 2418; x_wconf 84' lang='lat' dir='ltr'>propioribus</span> <span class='ocrx_word' id='word_1_147' title='bbox 707 2347 765 2400; x_wconf 85' lang='lat' dir='ltr'>elles</span> <span class='ocrx_word' id='word_1_148' title='bbox 779 2383 787 2409; x_wconf 90' lang='lat'>,</span> 
     </span>
     <span class='ocr_line' id='line_1_25' title="bbox 210 2421 695 2477; baseline 0 -5"><span class='ocrx_word' id='word_1_149' title='bbox 210 2421 276 2476; x_wconf 84' lang='lat' dir='ltr'>Nave</span> <span class='ocrx_word' id='word_1_150' title='bbox 292 2427 348 2477; x_wconf 70' lang='lat' dir='ltr'>mezi</span> <span class='ocrx_word' id='word_1_151' title='bbox 364 2437 441 2477; x_wconf 83' lang='lat' dir='ltr'>vento</span> <span class='ocrx_word' id='word_1_152' title='bbox 457 2425 536 2476; x_wconf 79' lang='lat' dir='ltr'>forsan</span> <span class='ocrx_word' id='word_1_153' title='bbox 552 2437 627 2474; x_wconf 86' lang='lat' dir='ltr'>eunte</span> <span class='ocrx_word' id='word_1_154' title='bbox 645 2423 695 2472; x_wconf 83' lang='lat' dir='ltr'>suo.</span> 
     </span>
    </p>

    <p class='ocr_par' dir='ltr' id='par_1_14' title="bbox 179 2488 908 2639">
     <span class='ocr_line' id='line_1_26' title="bbox 179 2488 908 2564; baseline 0.007 -24"><span class='ocrx_word' id='word_1_155' title='bbox 179 2488 211 2541; x_wconf 88' lang='lat' dir='ltr'>Ut</span> <span class='ocrx_word' id='word_1_156' title='bbox 227 2499 323 2557; x_wconf 72' lang='lat' dir='ltr'>cecidi,</span> <span class='ocrx_word' id='word_1_157' title='bbox 343 2499 469 2564; x_wconf 71' lang='lat' dir='ltr'>auxiliique</span> <span class='ocrx_word' id='word_1_158' title='bbox 485 2509 552 2548; x_wconf 88' lang='lat' dir='ltr'>metu</span> <span class='ocrx_word' id='word_1_159' title='bbox 567 2495 653 2564; x_wconf 65' lang='lat' dir='ltr'>fugere</span> <span class='ocrx_word' id='word_1_160' title='bbox 668 2495 763 2555; x_wconf 72' lang='lat' dir='ltr'>ruina),</span> <span class='ocrx_word' id='word_1_161' title='bbox 895 2511 908 2561; x_wconf 88' lang='lat'><em>5</em></span> 
     </span>
     <span class='ocr_line' id='line_1_27' title="bbox 210 2565 750 2639; baseline 0.006 -21"><span class='ocrx_word' id='word_1_162' title='bbox 210 2565 335 2638; x_wconf 79' lang='lat' dir='ltr'>versaque</span> <span class='ocrx_word' id='word_1_163' title='bbox 351 2571 462 2622; x_wconf 73' lang='lat' dir='ltr'>amicitiae</span> <span class='ocrx_word' id='word_1_164' title='bbox 477 2583 546 2639; x_wconf 83' lang='lat' dir='ltr'>terga</span> <span class='ocrx_word' id='word_1_165' title='bbox 561 2569 652 2620; x_wconf 69' lang='lat' dir='ltr'>dedere</span> <span class='ocrx_word' id='word_1_166' title='bbox 668 2585 750 2628; x_wconf 63' lang='grc' dir='ltr'>ωας</span> 
     </span>
    </p>

    <p class='ocr_par' dir='ltr' id='par_1_15' title="bbox 179 2633 893 2782">
     <span class='ocr_line' id='line_1_28' title="bbox 179 2633 893 2712; baseline 0.014 -28"><span class='ocrx_word' id='word_1_167' title='bbox 179 2633 252 2691; x_wconf 79' lang='lat' dir='ltr'>Ausus</span> <span class='ocrx_word' id='word_1_168' title='bbox 265 2661 292 2696; x_wconf 86' lang='lat' dir='ltr'>es</span> <span class='ocrx_word' id='word_1_169' title='bbox 307 2645 364 2712; x_wconf 80' lang='lat' dir='ltr'>igne</span> <span class='ocrx_word' id='word_1_170' title='bbox 380 2645 449 2698; x_wconf 82' lang='lat' dir='ltr'>Jovis</span> <span class='ocrx_word' id='word_1_171' title='bbox 462 2641 596 2710; x_wconf 74' lang='lat' dir='ltr'>perculllim</span> <span class='ocrx_word' id='word_1_172' title='bbox 612 2654 714 2710; x_wconf 84' lang='lat' dir='ltr'>tangere</span> <span class='ocrx_word' id='word_1_173' title='bbox 730 2657 838 2709; x_wconf 81' lang='lat' dir='ltr'>eorpus,</span> <span class='ocrx_word' id='word_1_174' title='bbox 888 2637 893 2644; x_wconf 82' lang='grc'><strong>’</strong></span> 
     </span>
     <span class='ocr_line' id='line_1_29' title="bbox 212 2710 669 2782; baseline -0.004 -14"><span class='ocrx_word' id='word_1_175' title='bbox 212 2710 242 2762; x_wconf 82' lang='lat' dir='ltr'>Et</span> <span class='ocrx_word' id='word_1_176' title='bbox 258 2718 389 2782; x_wconf 80' lang='lat' dir='ltr'>deploratae</span> <span class='ocrx_word' id='word_1_177' title='bbox 404 2717 477 2768; x_wconf 88' lang='lat' dir='ltr'>limen</span> <span class='ocrx_word' id='word_1_178' title='bbox 492 2717 559 2767; x_wconf 85' lang='lat' dir='ltr'>adire</span> <span class='ocrx_word' id='word_1_179' title='bbox 574 2715 669 2766; x_wconf 74' lang='lat' dir='ltr'>domos.</span> 
     </span>
    </p>

    <p class='ocr_par' dir='ltr' id='par_1_16' title="bbox 179 2779 929 2922">
     <span class='ocr_line' id='line_1_30' title="bbox 179 2779 846 2859; baseline -0.004 -22"><span class='ocrx_word' id='word_1_180' title='bbox 179 2779 250 2849; x_wconf 79' lang='lat' dir='ltr'>quue</span> <span class='ocrx_word' id='word_1_181' title='bbox 267 2805 354 2842; x_wconf 83' lang='lat' dir='ltr'>recens</span> <span class='ocrx_word' id='word_1_182' title='bbox 369 2791 485 2859; x_wconf 75' lang='lat' dir='ltr'>prestas,</span> <span class='ocrx_word' id='word_1_183' title='bbox 505 2807 551 2840; x_wconf 91' lang='lat' dir='ltr'>nec</span> <span class='ocrx_word' id='word_1_184' title='bbox 567 2792 641 2858; x_wconf 84' lang='lat' dir='ltr'>longo</span> <span class='ocrx_word' id='word_1_185' title='bbox 657 2787 769 2856; x_wconf 84' lang='lat' dir='ltr'>cognitus</span> <span class='ocrx_word' id='word_1_186' title='bbox 785 2787 846 2844; x_wconf 81' lang='lat' dir='ltr'>usu,</span> 
     </span>
     <span class='ocr_line' id='line_1_31' title="bbox 214 2857 929 2922; baseline -0.01 -11"><span class='ocrx_word' id='word_1_187' title='bbox 214 2857 288 2922; x_wconf 87' lang='lat' dir='ltr'>Quod</span> <span class='ocrx_word' id='word_1_188' title='bbox 303 2876 415 2915; x_wconf 82' lang='lat' dir='ltr'>veterum</span> <span class='ocrx_word' id='word_1_189' title='bbox 428 2863 516 2914; x_wconf 88' lang='lat' dir='ltr'>misero</span> <span class='ocrx_word' id='word_1_190' title='bbox 530 2864 572 2915; x_wconf 82' lang='lat' dir='ltr'>vix</span> <span class='ocrx_word' id='word_1_191' title='bbox 588 2865 637 2913; x_wconf 88' lang='lat' dir='ltr'>duo</span> <span class='ocrx_word' id='word_1_192' title='bbox 652 2876 735 2913; x_wconf 84' lang='lat' dir='ltr'>tresve</span> <span class='ocrx_word' id='word_1_193' title='bbox 751 2859 819 2906; x_wconf 88' lang='lat' dir='ltr'>mihi.</span> <span class='ocrx_word' id='word_1_194' title='bbox 896 2871 929 2906; x_wconf 84' lang='lat' dir='ltr'>ro</span> 
     </span>
    </p>

    <p class='ocr_par' dir='ltr' id='par_1_17' title="bbox 180 2925 897 3076">
     <span class='ocr_line' id='line_1_32' title="bbox 180 2925 795 3002; baseline -0.002 -24"><span class='ocrx_word' id='word_1_195' title='bbox 180 2925 235 2980; x_wconf 80' lang='lat' dir='ltr'>Vidi</span> <span class='ocrx_word' id='word_1_196' title='bbox 251 2951 302 3002; x_wconf 84' lang='lat' dir='ltr'>ego</span> <span class='ocrx_word' id='word_1_197' title='bbox 316 2939 428 2990; x_wconf 84' lang='lat' dir='ltr'>confufos</span> <span class='ocrx_word' id='word_1_198' title='bbox 444 2938 525 2988; x_wconf 84' lang='lat' dir='ltr'>vultus</span> <span class='ocrx_word' id='word_1_199' title='bbox 539 2969 548 2995; x_wconf 84' lang='lat'>,</span> <span class='ocrx_word' id='word_1_200' title='bbox 561 2937 674 3002; x_wconf 81' lang='lat' dir='ltr'>visosque</span> <span class='ocrx_word' id='word_1_201' title='bbox 690 2931 795 2986; x_wconf 80' lang='lat' dir='ltr'>notavi3</span> 
     </span>
     <span class='ocr_line' id='line_1_33' title="bbox 214 3001 897 3076; baseline -0.007 -19"><span class='ocrx_word' id='word_1_202' title='bbox 214 3001 299 3074; x_wconf 81' lang='lat' dir='ltr'>osque</span> <span class='ocrx_word' id='word_1_203' title='bbox 315 3012 412 3062; x_wconf 86' lang='lat' dir='ltr'>madens</span> <span class='ocrx_word' id='word_1_204' title='bbox 427 3011 507 3068; x_wconf 80' lang='lat' dir='ltr'>fletu,</span> <span class='ocrx_word' id='word_1_205' title='bbox 524 3009 684 3074; x_wconf 84' lang='lat' dir='ltr'>pallidiusque</span> <span class='ocrx_word' id='word_1_206' title='bbox 700 3019 775 3054; x_wconf 88' lang='lat' dir='ltr'>meo:</span> <span class='ocrx_word' id='word_1_207' title='bbox 890 3067 897 3076; x_wconf 86' lang='lat'><em>.</em></span> 
     </span>
    </p>

    <p class='ocr_par' dir='ltr' id='par_1_18' title="bbox 181 3071 853 3150">
     <span class='ocr_line' id='line_1_34' title="bbox 181 3071 853 3150; baseline -0.007 -19"><span class='ocrx_word' id='word_1_208' title='bbox 181 3071 211 3122; x_wconf 71' lang='lat' dir='ltr'>Er</span> <span class='ocrx_word' id='word_1_209' title='bbox 225 3079 343 3150; x_wconf 81' lang='lat' dir='ltr'>lacrymas</span> <span class='ocrx_word' id='word_1_210' title='bbox 356 3099 457 3133; x_wconf 87' lang='lat' dir='ltr'>cernens</span> <span class='ocrx_word' id='word_1_211' title='bbox 473 3083 499 3131; x_wconf 85' lang='lat' dir='ltr'>in</span> <span class='ocrx_word' id='word_1_212' title='bbox 515 3083 609 3148; x_wconf 84' lang='lat' dir='ltr'>singula</span> <span class='ocrx_word' id='word_1_213' title='bbox 624 3081 697 3128; x_wconf 87' lang='lat' dir='ltr'>verba</span> <span class='ocrx_word' id='word_1_214' title='bbox 716 3075 853 3134; x_wconf 76' lang='lat' dir='ltr'>cadentes,</span> 
     </span>
    </p>
   </div>
   <div class='ocr_carea' id='block_1_5' title="bbox 215 3148 752 3225">
    <p class='ocr_par' dir='ltr' id='par_1_19' title="bbox 215 3148 752 3225">
     <span class='ocr_line' id='line_1_35' title="bbox 215 3148 752 3225; baseline -0.017 -18"><span class='ocrx_word' id='word_1_215' title='bbox 215 3148 266 3207; x_wconf 84' lang='lat' dir='ltr'>Ore</span> <span class='ocrx_word' id='word_1_216' title='bbox 282 3173 338 3210; x_wconf 82' lang='lat' dir='ltr'>meo</span> <span class='ocrx_word' id='word_1_217' title='bbox 354 3158 494 3225; x_wconf 76' lang='lat' dir='ltr'>lacrymas,</span> <span class='ocrx_word' id='word_1_218' title='bbox 512 3156 608 3209; x_wconf 84' lang='lat' dir='ltr'>auribus</span> <span class='ocrx_word' id='word_1_219' title='bbox 625 3152 664 3203; x_wconf 88' lang='lat' dir='ltr'>illa</span> <span class='ocrx_word' id='word_1_220' title='bbox 682 3148 752 3206; x_wconf 81' lang='lat' dir='ltr'>bibi:</span> 
     </span>
    </p>
   </div>
   <div class='ocr_carea' id='block_1_6' title="bbox 0 0 1191 3942">
    <p class='ocr_par' dir='ltr' id='par_1_20' title="bbox 0 0 1191 3942">
     <span class='ocr_line' id='line_1_36' title="bbox 0 0 1191 3942; baseline 0 0"><span class='ocrx_word' id='word_1_221' title='bbox 0 0 1191 3942; x_wconf 95' lang='lat' dir='ltr'> </span> 
     </span>
    </p>
   </div>
  </div>
 </body>
</html>
