2367 3942
253 462 400 532 Entsr.
428 479 487 530 ax
515 462 660 530 Ponto
687 429 785 534 L'.1.
820 464 894 560 283

185 578 244 645 Qud
257 581 315 630 mihi
328 579 448 630 diversum
461 580 524 630 lami
539 583 689 632 contendere
704 582 728 632 in
742 585 826 633 orbem
837 582 849 633 l

222 652 306 717 Quem
322 655 432 704 fortune
444 654 529 712 dedit,
547 654 624 706 Roma
640 656 671 705 sit
686 656 726 704 ille
744 658 823 706 locus.

184 727 242 776 Hoc
256 743 312 776 mea
330 738 446 776 contenta
460 725 494 776 eli
509 727 597 778 infelix
608 728 679 777 Musa
692 729 799 779 theatro.

223 798 264 850 Sic
279 800 357 849 merui
370 815 378 848 ε
390 799 469 866 magni
486 800 521 850 sic
535 801 637 849 voluere
653 801 713 849 Dei.
815 834 819 843 -
905 818 940 865 70

185 874 240 924 Nec
257 889 317 924 reor
330 873 388 922 binc
402 871 459 921 iiiuc
474 872 560 922 nolitis
574 874 623 922 iter
637 872 683 922 elle
699 871 804 930 libellis,

223 943 283 1008 Qud
298 947 391 996 boreas
405 944 485 1010 penui
499 943 629 994 deficiente
645 947 722 996 veuit.

185 1019 325 1069 Dividimus
335 1020 400 1069 coelo
411 1035 422 1076 3
434 1034 535 1084 queque
547 1017 581 1066 est
596 1020 683 1083 procul
700 1019 758 1068 urbe
770 1017 883 1082 Quirini,

155 1121 159 1125 ν
222 1090 317 1157 Aspicit
328 1091 432 1142 hirsutos
448 1091 557 1142 cenninus
573 1090 634 1140 Ursa
648 1091 734 1142 Getas.

187 1163 235 1214 Per
250 1176 345 1213 tantum
354 1176 445 1222 τετε,
462 1175 501 1213 tot
510 1180 583 1229 aquas
594 1197 602 1223 ,
612 1165 663 1214 'vix
679 1165 781 1214 credere
796 1167 885 1231 possim
905 1181 920 1228 7
926 1182 937 1228 5

224 1236 342 1286 Indicium
357 1235 426 1286 studii
439 1235 580 1286 transiluisse
597 1237 652 1286 πηοί.
689 1291 691 1298 ¹

187 1308 264 1374 Finge
279 1309 347 1375 legi,
360 1309 473 1374 quodque
491 1309 524 1358 est
538 1310 663 1369 mirabile,
679 1307 742 1377 finge
759 1313 878 1376 placete:

225 1380 357 1430 Auiiotem
374 1381 442 1431 certe
456 1398 495 1430 ses
509 1381 579 1446 juvet
591 1383 633 1432 illa
649 1383 714 1432 nihil.

189 1450 249 1517 Quis
263 1453 327 1510 tibi,
344 1454 366 1504 si
381 1454 459 1504 calidi
476 1455 568 1519 positus
583 1456 682 1505 laudere
697 1455 778 1522 Syene
791 1475 800 1513 ς
831 1491 840 1502 .

225 1525 278 1574 Aut
289 1526 332 1574 ubi
344 1526 506 1592 Taprobanen
521 1528 603 1576 ludica
618 1529 690 1595 cingit
704 1527 787 1594 aqna?
909 1527 942 1578 80

186 1597 273 1649 Altius
287 1598 323 1648 ite
339 1598 421 1649 libet?
440 1601 461 1649 si
475 1613 501 1650 te
517 1600 622 1650 distantia
638 1600 711 1667 longe

225 1669 354 1722 Pleiadum
369 1673 468 1722 laudent
482 1674 569 1740 signa,
585 1674 643 1739 quid
659 1675 715 1726 inde
731 1671 816 1724 ieras?

188 1745 239 1794 Sed
256 1760 337 1809 neque
350 1746 468 1810 pervenio
484 1746 576 1812 scriptis
592 1748 753 1798 mediocribus
769 1748 826 1796 illuc
835 1761 846 1803 5

226 1817 349 1883 Famaque
364 1835 418 1867 cum
433 1819 530 1868 dommo
546 1821 607 1888 fugit
623 1824 655 1871 ab
666 1822 734 1871 Urbe
751 1821 802 1871 sno.

188 1890 391 1955 Vosque,quibus
401 1893 528 1956 perii,tunc
539 1891 592 1943 cuim
604 1913 655 1946 mea
666 1897 726 1944 fusa
737 1895 828 1960 sepulta
839 1891 886 1950 ell,
909 1891 922 1941 8
928 1907 940 1953 5

225 1964 301 2013 Nunc
318 1980 413 2029 quoque
427 1966 457 2014 de
471 1966 549 2016 nostra
564 1982 643 2018 morte
660 1981 741 2018 tacere
758 1983 823 2018 reor.

251 2071 895 2151 «Ἥᾎπτε-Ψ-ὓι

353 2190 697 2254 EPISTOLA
737 2191 810 2252 Vl.

415 2315 748 2376 GRAECINO.

192 2403 392 2533 Ecootn,
405 2484 434 2523 ut
449 2471 550 2532 audisti,
569 2489 624 2522 nam
641 2484 667 2522 te
684 2472 774 2522 diversa
792 2473 891 2522 tenebat

230 2547 327 2603 Terra,
344 2562 412 2595 meos
430 2545 516 2603 casus,
531 2562 575 2596 cot
590 2546 635 2596 tibi
650 2545 715 2596 triste
732 2544 800 2596 fuiti

192 2620 358 2677 Dissimules,
375 2629 516 2685 metuasque
530 2619 607 2675 licet,
627 2618 758 2678 Gtaecint,
774 2617 863 2675 interit

231 2693 257 2741 Si
275 2694 337 2742 bene
353 2704 379 2741 te
396 2692 474 2747 novi,
491 2691 556 2740 triste
570 2690 638 2741 inille
655 2692 741 2756 liquet.

194 2766 253 2815 Non
268 2765 333 2814 cadit
348 2765 371 2813 in
385 2781 467 2814 mores
481 2764 563 2816 feritas
579 2765 710 2814 inamabilis
727 2764 803 2820 illos3
915 2775 926 2822 5

232 2839 287 2900 Nec
301 2839 377 2887 minus
393 2855 407 2887 a
423 2837 502 2888 studiis
518 2838 619 2888 dissidet
634 2837 673 2886 illa
689 2837 748 2887 tuis.

194 2909 295 2961 Artibus
310 2911 439 2977 ingenuis,
456 2927 555 2976 quarum
568 2910 613 2961 tibi
628 2910 729 2959 maxima
744 2923 801 2957 cura
817 2905 871 2966 est,

232 2983 333 3035 Peclota
349 2985 510 3042 mollescunt,
527 2984 688 3050 asperitasque
704 2981 773 3048 fugit.

196 3056 251 3107 Nec
268 3059 389 3123 quisquam
403 3058 504 3106 meliore
519 3055 567 3105 fide
584 3055 751 3121 complellitut
767 3054 840 3111 illes,

233 3131 288 3198 Qui
304 3129 362 3182 sinit
378 3128 486 3204 officium
495 3116 661 3196 ,militiaeque
678 3129 755 3178 labet.
837 3165 840 3170 .
917 3135 947 3170 10
