2367 3942
301 459 378 551 284
425 460 467 528 P.
493 459 686 529 omn
708 421 937 528 Nasonis

303 576 378 626 Certi
388 591 436 643 ego
448 608 456 634 ‚
475 576 530 626 cuim
540 576 642 642 primdm
652 577 720 642 potui
731 577 817 628 sentire
828 578 885 643 quld
896 579 968 630 essem
979 613 988 639 ,

338 650 400 699 Nam
417 651 462 699 luit
474 653 581 700 attonito
595 667 663 700 mens
679 651 737 699 mihi
753 651 817 700 nulla
832 651 892 710 diu,

302 721 358 772 Hoc
375 739 473 788 quoque
486 725 600 773 Fortuna
614 723 694 780 sensi,
714 723 780 788 quod
793 725 884 772 amicus
898 724 1009 783 abesses,

338 795 389 858 Qui
401 796 459 844 milri
474 796 607 860 presidium
622 796 711 862 grande
726 796 821 844 futurus
836 811 899 846 eras.

264 883 292 929 15
305 868 401 917 Tecum
415 880 475 917 tunc
487 871 587 918 aberant
603 885 672 936 aegrae
689 868 773 916 solatia
788 869 894 926 mentis,
991 883 993 888 ·

338 939 476 1006 Magnaque
490 958 544 1005 pars
559 941 662 997 anime,
679 940 823 1006 consiliique
840 942 899 990 mei.
938 949 948 1004 ᾗ

277 1012 311 1063 At
319 1013 461 1079 nunc‚quod
471 1013 910 1078 supereMer·opem,precor‚eminus
920 1031 1008 1065 unam:

340 1085 504 1152 Alloquioque
521 1085 577 1151 jura
592 1085 690 1150 pedara
704 1083 781 1135 nostra
797 1098 851 1135 tuo.

302 1155 385 1221 Quae,
400 1175 451 1209 nort
463 1159 573 1208 mendaci
588 1159 610 1208 si
626 1158 752 1224 quidquam
768 1159 846 1207 credis
862 1159 964 1218 amico,

259 1247 293 1280 20
340 1230 420 1280 Stulta
434 1232 508 1299 magis
523 1228 587 1288 dici,
606 1236 676 1297 quam
692 1231 825 1288 scelerata,
843 1232 927 1281 decet.

301 1303 356 1354 Nec
369 1306 444 1363 leve,
457 1320 503 1353 nec
520 1317 617 1362 tutum,
634 1304 728 1369 peccati
743 1319 794 1368 que
809 1302 841 1352 sit
856 1304 946 1371 origo,

338 1375 471 1426 Scriberet
487 1376 582 1426 tredaci
596 1378 696 1426 vulnera
712 1375 791 1425 nostra
805 1376 902 1426 timent.

301 1446 478 1516 Qualicumque
492 1449 566 1498 modo
581 1449 639 1498 mihi
656 1450 704 1498 sint
720 1465 749 1498 ea
764 1447 841 1506 falla,
857 1465 947 1516 rogare

335 1521 450 1572 Desine:
463 1539 514 1572 non
529 1522 626 1589 agites,
641 1522 661 1570 si
677 1538 723 1588 qua
740 1517 809 1570 coire
826 1521 898 1571 velis.

258 1607 288 1653 25
303 1592 426 1660 Quicquid
434 1595 459 1644 id
469 1595 551 1653 est‚ut
561 1611 612 1644 uon
620 1594 769 1651 faciliusne
779 1595 849 1658 culpa
859 1595 1007 1646 vocandum.

337 1665 423 1717 Omnis
438 1684 469 1716 an
483 1667 508 1716 in
523 1683 622 1734 magnos
639 1670 708 1729 culpa
725 1666 795 1716 Deos
812 1667 888 1715 scelus
907 1666 964 1718 etl?

300 1737 360 1803 Spes
376 1739 449 1806 igitur
462 1740 537 1790 menti
553 1751 649 1804 poenae,
673 1739 806 1796 Grecine,
825 1740 933 1788 levandae

335 1812 393 1860 Non
407 1811 440 1860 est
454 1827 487 1860 ex
503 1824 560 1862 toto
575 1813 641 1860 nulla
656 1812 738 1860 reliila
753 1828 822 1862 meae.

299 1881 360 1932 Hac
374 1882 449 1941 Dea,
466 1881 520 1933 etim
534 1884 647 1950 fugerent
661 1883 789 1934 sceleratas
805 1883 900 1934 numina
913 1888 1008 1941 terrat'.

255 1967 289 2016 30
337 1956 367 2007 ln
382 1955 428 2006 Dis
442 1956 521 2006 invisi
536 1956 587 2006 sola
600 1957 714 2008 remansit
730 1957 813 2006 humo.

298 2026 359 2078 Haec
370 2029 444 2089 iacit,
457 2043 485 2080 ut
495 2029 562 2080 vivat
571 2029 663 2080 vindlus
674 2046 771 2096 quoque
781 2030 900 2094 compede
915 2030 990 2080 folior
1003 2048 1014 2088 3

333 2100 467 2169 Liberaque
482 2119 496 2152 a
510 2104 576 2153 ferro
594 2120 662 2152 crura
677 2103 756 2152 futura
772 2113 849 2166 putet.

299 2171 361 2223 Haec
377 2176 454 2234 facit,
469 2187 514 2234 ut,
529 2176 614 2226 videat
627 2173 678 2238 etim
697 2186 773 2224 terras
790 2175 895 2240 undique
910 2177 1008 2235 nullus,

334 2247 470 2315 Naufragus
486 2249 511 2296 in
526 2248 610 2296 mediis
626 2247 721 2296 brachia
735 2245 808 2312 jadlet
825 2247 900 2311 aquis.

256 2329 287 2382 35
301 2317 372 2384 Saepe
386 2321 489 2387 aliquem
504 2321 588 2370 sollers
602 2321 750 2370 medicorum
766 2337 823 2368 cura
837 2319 936 2385 reliquit
949 2337 958 2378 ς
1022 2355 1025 2360 -

334 2393 387 2440 Nec
404 2394 456 2458 spes
472 2394 544 2450 huic¹
565 2393 629 2441 venit
644 2391 800 2448 deficiente!
811 2393 886 2442 cadit.
988 2414 992 2423 ·

297 2461 404 2513 Carcere
420 2467 532 2515 dicuntur
547 2465 622 2514 clausi
638 2465 733 2528 sperare
748 2463 869 2514 salutem:

334 2537 415 2600 Atque
429 2535 514 2600 aliquis
529 2537 637 2601 pendens
652 2537 677 2584 iu
694 2552 768 2585 cruce
783 2547 840 2584 vota
857 2536 927 2586 facit.

297 2607 356 2658 Haec
372 2609 428 2657 Dea
442 2610 512 2674 quim
527 2609 618 2658 multos
633 2611 720 2675 laqueo
736 2607 775 2658 sua
792 2607 854 2656 colla
873 2609 977 2675 ligantes

154 2728 160 2740 t
251 2695 286 2739 40
333 2681 390 2740 Non
407 2679 440 2729 est
457 2680 581 2746 propositi
597 2681 657 2745 palla
672 2681 750 2745 perire
766 2680 848 2728 nece!

295 2750 339 2801 Me
353 2768 448 2818 quoque
465 2766 593 2804 conantem
610 2754 689 2820 gladio
705 2751 773 2802 finire
791 2752 902 2802 dolorem

333 2824 438 2882 Arcuit,
456 2824 543 2889 injent
559 2827 726 2890 continuitque
743 2841 822 2874 manu.
867 2857 869 2862 ·
918 2883 926 2896 '

296 2896 410 2963 Quidque
419 2896 617 2964 facisilacrymis
627 2915 689 2961 opus
699 2897 742 2956 etl,
750 2913 799 2946 non
809 2897 1002 2965 sanguine,dixit:
1032 2945 1036 2952 .

332 2971 401 3035 Saepe
418 2987 461 3036 per
477 2971 521 3021 has
535 2969 599 3020 flecti
613 2969 730 3036 Principis
746 2969 780 3019 ira
795 2971 865 3020 solet.

251 3057 282 3104 45
298 3041 414 3106 Quamvis
429 3043 547 3110 elligitur
563 3043 777 3094 metitis=indebita
792 3043 893 3099 nostris.
979 3057 982 3064 ⁴

247 3145 251 3152 ·
330 3115 420 3185 Magna
438 3128 518 3171 tamea
534 3116 587 3188 spes
605 3115 637 3170 est
654 3107 677 3168 iit
694 3116 804 3168 bonitate
821 3117 879 3168 Dei.
977 3146 981 3153 ·
