2367 3942
316 425 368 503 54
415 404 456 473 P.
482 404 681 475 Orrnrr
704 405 937 477 Nasonis

255 526 307 593 655
319 528 420 594 Jamque
433 526 476 577 ubi
489 524 597 577 suadebit
612 525 720 591 piaeidoa
734 541 784 575 nox
798 526 882 577 ultima
897 527 998 578 sennes.

354 600 428 651 Perta
443 616 577 667 precetur:
590 600 675 650 sumite
690 599 744 649 vina
759 616 853 651 manus.

318 672 350 727 Et
359 708 366 733 .
375 674 438 723 bene
448 690 492 723 nos
499 708 507 731 .
514 673 602 724 Patria
609 707 616 732 ‚
623 675 687 722 bene
694 684 721 721 te
728 704 737 730 ‚
745 666 1014 739 tareroprtne‚c2su·

355 746 440 799 Dicite
453 747 559 806 suffitio,
575 746 625 799 sint
639 757 691 795 rate
704 747 799 804 verba,
814 762 894 798 mero.

318 818 406 871 Nox
421 820 462 869 ubi
478 819 618 877 transierit,
635 819 707 869 solito
721 820 862 869 celebretur
873 820 982 872 bonore·

257 892 310 955 640
358 892 458 957 Separat
471 894 560 943 indicio
576 894 617 959 qui
632 892 703 943 Dens
716 908 773 940 arva
788 891 840 943 suo.

318 964 453 1025 Termine,
473 966 524 1016 sive
539 968 618 1032 lepis,
634 966 686 1014 sive
701 980 728 1013 es
741 964 846 1015 deioisus
859 964 884 1015 in
899 980 957 1034 agro

356 1038 457 1103 Stipes,
474 1040 503 1089 ab
517 1039 622 1106 antiquis
638 1039 673 1087 sie
687 1053 786 1103 quoque
800 1054 891 1088 numen
905 1042 985 1089 babet.

319 1110 358 1163 Te
374 1112 422 1160 duo
440 1111 533 1161 diversi
550 1112 642 1161 donini
657 1126 703 1176 pro
720 1124 790 1176 parte
804 1126 946 1171 coronant3

357 1184 462 1250 binaque
479 1185 541 1235 serta
556 1186 621 1244 tibi,
636 1185 740 1251 binaque
753 1185 801 1235 riba
816 1184 910 1235 ierunt.

258 1254 292 1318 64
297 1271 309 1319 5
323 1256 372 1308 Ara
385 1255 413 1307 fit
425 1273 432 1307 t
444 1258 492 1307 huc
509 1259 588 1325 ignem
604 1270 676 1306 curto
691 1258 739 1307 fert
753 1256 840 1306 muira
852 1256 937 1317 testu,

356 1330 466 1380 Sumtum
482 1332 513 1380 de
529 1331 619 1396 tepidis
635 1330 683 1396 ipsa
701 1331 790 1379 colona
804 1330 877 1381 iocis.

320 1403 395 1471 Ligna
410 1404 484 1455 senex
498 1405 601 1462 minuit,
619 1404 763 1469 concisaque
779 1403 895 1455 construit
908 1401 979 1461 altit

356 1477 388 1527 Et
401 1478 477 1528 solidi
491 1495 569 1529 ramos
583 1475 660 1546 figere
674 1489 766 1545 pugnat
777 1477 862 1527 humo.

319 1549 386 1601 Dum
401 1551 468 1603 sicco
484 1554 570 1617 primas
585 1552 664 1603 irritat
679 1550 773 1601 cortice
788 1550 914 1610 ornnes,

259 1622 312 1685 650
360 1624 413 1673 Sttt
427 1642 506 1689 puer,
525 1626 551 1675 δι
564 1627 673 1674 manibus
686 1627 734 1674 iata
750 1622 850 1674 canistra
865 1635 948 1674 tenet.

320 1695 400 1753 Inde,
418 1697 459 1745 ubi
475 1708 513 1745 ter
525 1696 610 1761 fruges
624 1698 717 1744 medios
728 1696 826 1747 immisit
840 1696 865 1745 in
881 1696 952 1766 ignes
964 1729 975 1757 e

357 1766 462 1834 Porrigit
478 1766 564 1817 incisos
580 1766 629 1817 filia
644 1784 717 1833 parva
734 1768 814 1818 favos.

319 1840 385 1896 Vina
398 1853 484 1891 tenent
501 1841 541 1891 alii
553 1840 676 1892 :libantur
692 1840 784 1908 singula
799 1840 912 1896 dammis.

357 1914 489 1983 Speiiant,
510 1916 535 1967 bt
551 1914 637 1983 linguis
652 1916 753 1964 eandida
769 1917 839 1966 turba
853 1916 951 1970 favent.

258 1988 309 2056 655
323 1988 448 2059 Spargitur
464 1990 490 2042 dt
504 1990 566 2041 taesd
581 1989 713 2041 communis
729 1990 859 2041 Terminus
874 1991 957 2058 agnit

358 2066 412 2116 Nec
426 2064 556 2133 queritur,
573 2064 664 2115 lai'tens
679 2082 734 2115 eum
749 2064 795 2114 sibi
809 2082 884 2132 porca
902 2065 985 2115 datur.

322 2136 499 2197 Conveniunt,
517 2140 690 2204 celebrantque
704 2139 779 2202 dapes
793 2139 882 2186 vicinia
892 2138 1024 2205 simpie13

358 2212 391 2261 Et
407 2223 504 2261 cantant
518 2210 622 2269 laudes,
636 2210 754 2260 Termine
770 2208 865 2265 sande,
884 2222 950 2261 tuas.

321 2282 364 2334 Tu
377 2286 501 2351 populos,
518 2284 658 2349 urbesque,
677 2282 703 2333 δι
717 2297 791 2348 regna
807 2280 915 2346 ingentia
928 2281 989 2335 finis
1003 2298 1014 2337 t

258 2352 312 2405 660
361 2356 449 2409 Omnis
463 2358 510 2408 erit
527 2358 579 2407 sine
595 2367 622 2406 te
638 2354 837 2423 litigiosus'ager.
876 2375 887 2433 ζ

321 2429 396 2487 Nuiia
409 2430 453 2480 tibi
470 2430 569 2479 ambitio
586 2429 638 2479 eii:
650 2429 718 2478 nullo
736 2436 896 2489 corrumpens
910 2436 989 2480 aute.

359 2500 476 2571 Legitimi
492 2503 572 2553 serves
586 2501 677 2553 credita
692 2515 748 2549 rura
763 2495 822 2546 fide.

323 2573 350 2625 Si
364 2587 391 2625 tu
406 2574 518 2642 signaii'es
536 2576 592 2625 olim
606 2570 757 2641 Thyreatida
772 2582 881 2627 terram,

360 2645 471 2713 Corpora
485 2664 535 2697 non
549 2648 601 2698 leto
616 2645 680 2696 miffa
692 2652 804 2693 trecente
819 2642 923 2703 forent3

262 2715 312 2781 665
324 2719 378 2771 Nec
392 2720 458 2771 foret
473 2721 614 2787 Othryades
629 2707 746 2784 congestis
761 2714 840 2766 cestus
855 2717 880 2765 in
897 2718 982 2772 armis.

361 2792 386 2843 0
400 2791 407 2843 i
421 2804 535 2860 quantum
550 2792 634 2856 patriar
650 2788 765 2857 sanguinis
779 2789 821 2839 ilie
836 2790 923 2842 dedit!

324 2862 391 2931 Quid
402 2898 411 2924 ‚
429 2880 492 2916 nova
503 2862 556 2914 euim
566 2862 654 2914 fierent
664 2862 785 2928 Capitolia
796 2860 808 2913 ὶ
822 2880 911 2931 nempe
921 2862 1052 2924 Deorum

361 2937 454 2989 cundia
469 2936 525 2995 Jovi
540 2936 613 2988 cessit
627 2937 716 2997 turba,
737 2937 866 3006 iocumque
883 2938 961 2988 dedit.

323 3010 452 3061 Terminus
463 3044 471 3070 ,
485 3024 513 3063 ut
522 3022 621 3062 ueteres
631 3024 785 3073 memorant,
801 3022 936 3063 conventus
947 3011 973 3059 in
986 3016 1053 3068 aede

261 3078 314 3147 670
362 3084 476 3137 Restititt
491 3086 517 3138 dt
532 3102 621 3155 magno
636 3102 690 3137 eum
706 3086 770 3138 Jove
785 3088 876 3153 temple
891 3095 972 3136 tenet.
