2367 3942
112 150 1083 316 μ-

309 499 829 567 ῈΑετοκυΜὶιΒ.Ι.
880 522 928 597 23

224 612 280 665 Cum
290 628 360 667 tanto
369 615 465 686 veritus
479 616 632 665 committere
645 616 742 665 numine
753 632 874 683 pugnata,

255 689 305 754 lpse
320 706 382 739 meae
395 688 460 737 movi
474 689 574 739 callidus
586 688 644 737 artis
659 706 730 753 opus.

223 758 318 829 Oraque
330 796 339 821 ,
358 761 404 828 qui
416 762 510 826 pollens
526 778 573 827 ope
587 762 636 809 sum
648 794 657 819 ,
674 762 775 811 fontana
785 762 896 821 reclusit

255 834 361 900 Sumque
374 836 512 899 repentinas
527 832 663 898 eiaculatus
676 852 759 900 aquas.
940 852 993 902 270

219 904 283 957 Ante
296 920 378 957 tamen
392 908 478 975 gelidis
489 905 580 973 subjeci
592 908 681 958 sulfura
694 909 784 966 venis,

256 978 391 1029 Clauderet
406 993 432 1029 ut
445 981 519 1037 Tatio
534 980 644 1030 fervidus
658 981 744 1030 humor
756 981 815 1033 iter.

220 1048 298 1117 Cujus
314 1066 341 1104 ut
355 1054 444 1104 utilitas
459 1054 535 1119 pulsis
549 1067 666 1119 percepta
681 1053 794 1113 Sabinis,

255 1126 368 1193 Quaque
379 1126 423 1177 suit
434 1160 442 1185 ‚
462 1140 516 1178 tuto
532 1127 628 1177 reddita
639 1126 716 1177 forma
726 1129 784 1177 loco
795 1127 827 1178 eli
838 1145 849 1189 ς

218 1196 267 1249 Ara
278 1199 337 1249 mihi
348 1201 426 1265 posita
442 1200 495 1259 esi,
514 1216 590 1266 parvo
602 1199 728 1262 coniunsia
740 1201 848 1253 sacellos
940 1216 975 1267 27
979 1216 993 1266 5

254 1272 319 1322 Haec
330 1274 413 1323 adolet
422 1273 522 1323 ilarnmis
534 1290 588 1323 cum
600 1273 661 1323 llrue
671 1274 735 1323 sarra
748 1273 804 1324 suis.

218 1344 252 1393 At
268 1362 313 1395 cur
322 1364 382 1411 pace
399 1346 479 1396 lates?
501 1347 625 1413 motisque
635 1346 768 1396 recluderis
780 1344 876 1396 armis?

253 1420 309 1469 Nec
320 1436 386 1469 mora
397 1436 406 1477 3
425 1419 521 1485 quaesiti
532 1420 627 1479 reddita
637 1419 706 1468 causa
718 1418 784 1467 mihi.

215 1488 251 1555 Ut
262 1494 356 1558 populo
367 1492 459 1542 reditus
472 1505 572 1557 pateant
586 1492 618 1540 ad
627 1493 691 1541 bella
702 1490 831 1556 proferto,

250 1564 491 1631 Totapatetdemti
504 1563 574 1627 ianua
587 1564 737 1613 nostrasera.
846 1563 852 1574 ’
942 1563 995 1614 280

213 1632 279 1687 Pace
296 1638 363 1687 sores
379 1637 463 1692 obdo‚
480 1652 511 1684 ne
526 1636 573 1700 qud
584 1635 708 1684 discedere
720 1633 817 1699 possit,

252 1702 417 1774 Caesareoque
433 1708 473 1756 diu
488 1708 584 1757 nornine
600 1707 692 1757 clausus
708 1725 761 1758 ero.
841 1773 843 1776 Ι

210 1781 309 1839 Dixin
328 1780 373 1839 δι,
389 1781 503 1831 attollens
519 1782 605 1831 oculos
620 1780 712 1832 diversa
727 1795 844 1841 tuentes,

250 1854 357 1921 Aspexit
372 1866 427 1905 toto
443 1854 556 1921 quicquid
572 1856 597 1905 in
612 1856 672 1905 orbe
685 1855 743 1905 suit.

212 1926 262 1978 Pax
274 1942 330 1977 erat
342 1944 351 1985 ς
370 1927 396 1979 ὃ(
407 1926 496 1986 veliti,
516 1926 682 1987 Germanice,
700 1927 769 1977 causa
779 1925 912 1991 triumphi,
943 1927 976 1977 28
979 1945 995 1994 5

249 2000 398 2051 Tradiderat
409 2001 509 2052 famulas
524 1999 572 2065 jam
582 2002 628 2051 tibi
638 2001 738 2051 Rhenus
751 2017 834 2066 aquas.
906 2060 909 2072 1

209 2068 274 2125 Iane
287 2108 296 2133 ,
314 2073 368 2125 face
379 2086 485 2125 aeternos
498 2072 604 2131 Pacem,
622 2072 738 2139 Pacisque
748 2062 886 2131 ministr‘oss

248 2147 327 2195 Neve
339 2144 423 2203 suum,
440 2144 542 2210 praesta,
559 2145 655 2195 deserat
665 2146 748 2195 auslor
762 2162 833 2210 opus.

210 2218 292 2285 Quod
304 2230 387 2267 tamen
398 2210 428 2267 ex
443 2218 502 2282 ipsis
513 2216 582 2266 licuit
596 2218 654 2266 mihi
665 2218 756 2267 discere
768 2218 859 2277 fallis,

246 2292 389 2342 Sacravere
400 2288 484 2340 Patres
495 2290 539 2339 hac
549 2290 600 2340 duo
610 2292 699 2355 templa
711 2291 759 2341 die.
941 2306 992 2358 290

208 2360 322 2430 Accepit
334 2362 426 2414 Phoebo
436 2362 598 2431 Nymphique
610 2363 736 2413 Coronide
749 2377 831 2413 natum

247 2438 349 2494 insula.
368 2437 464 2487 dividui
479 2454 548 2503 quam
563 2438 652 2501 premit
666 2438 743 2486 amnis
757 2437 827 2503 aqud.

209 2507 333 2576 Iuppiter
350 2510 373 2559 in
383 2522 452 2575 parte
462 2510 497 2559 est
510 2525 518 2560 t
531 2510 597 2575 cepit
607 2510 676 2559 locus
688 2519 749 2559 unus
760 2523 909 2577 utrumqu03

247 2580 389 2649 scandiaque
404 2583 456 2634 sunt
467 2598 554 2649 magno
569 2582 660 2647 templa
675 2581 770 2647 nepotis
783 2600 841 2634 avo.

208 2652 306 2719 Quat)
317 2668 386 2705 vetat
396 2655 422 2709 ὅι
430 2656 518 2713 stellas,
526 2667 553 2705 ut
562 2672 663 2721 quaque
672 2656 797 2721 oriturque
806 2657 929 2724 caditque,
941 2672 974 2721 29
979 2673 991 2720 5

247 2725 370 2779 Dicere?
387 2728 498 2793 promissi
513 2744 567 2793 pars
580 2727 611 2778 sit
626 2728 652 2778 δι
666 2728 706 2777 isla
720 2729 777 2779 mei.
882 2738 887 2743 '

207 2802 314 2855 Felices
326 2800 418 2852 animos
431 2800 438 2849 !
452 2802 536 2868 quibus
547 2802 600 2850 haec
616 2802 763 2868 cognoscere
777 2802 878 2868 primis,

247 2876 332 2941 lnque
347 2874 431 2925 domos
443 2874 540 2941 superas
551 2874 664 2926 scandere
676 2892 733 2925 cura
748 2875 802 2926 suit.
903 2866 925 2907 0
989 2896 996 2911 ·

206 2946 345 3002 Credibile
356 2946 390 2997 est
402 2948 456 2999 illos
473 2946 564 3014 pariter
574 2948 686 3014 vitiisque
701 2948 813 3015 locisque

244 3020 339 3072 Altius
351 3020 458 3071 humanis
474 3019 601 3072 exseruisse
617 3032 699 3086 caput.
939 3030 992 3083 300

204 3094 269 3148 Non
283 3094 375 3147 Venus
386 3093 412 3143 δι
422 3095 501 3143 vinum
512 3092 618 3143 sublimia
631 3093 730 3158 pociora
742 3092 815 3163 fregit
824 3106 848 3151 3.
883 3161 886 3170 q

242 3164 403 3225 Officiumve
417 3166 484 3230 soti,
500 3166 624 3219 militiaere
638 3167 720 3220 labor·
