2367 3942
279 454 585 526 Frsrorvrr
612 454 713 523 err.
740 455 796 523 II.
846 471 894 543 41

192 571 261 632 Hac,
278 573 330 631 ait,
345 572 375 625 in,
383 572 464 629 silva,
480 572 549 639 virgo
561 571 685 637 Tegeae,
699 571 817 623 lavemur.

228 646 326 697 Erubuit
339 646 399 695 falla
412 644 511 713 virginis
523 646 564 695 illa
576 644 646 702 lopo.

193 718 293 769 Dixerat
305 720 332 771 δι
342 719 461 785 Nymphis
473 734 480 767 ε
493 718 613 785 Nymphae
623 717 742 767 velamina
752 729 856 783 ponunt.

228 792 297 841 Hanc
308 791 386 857 pudet
396 823 404 851 ‚
423 792 450 842 ἀ
460 792 535 847 tarde
548 792 588 840 dat
598 791 660 839 mala
670 790 739 858 sigua
749 807 833 843 morae.
910 806 962 856 170

192 862 297 915 Exuerat
307 864 400 915 tunicas
412 880 420 914 ι
431 864 495 913 uteri
505 862 626 914 manifesta
636 874 731 913 tumore
742 896 751 924 ,

227 937 341 987 proditur
352 936 442 987 indicio
454 937 566 1004 ponderis
577 937 627 1003 ipsa
640 936 684 987 sui.

192 1010 237 1061 Cui
249 1010 306 1060 Dea
318 1042 328 1066 ,
340 1010 487 1078 Virgineus,
506 1008 604 1077 perjura
614 1008 723 1077 Lycaoni
736 1043 743 1068 ,
759 1022 840 1062 coetus

227 1083 340 1143 Desete,
355 1100 399 1133 nec
412 1084 483 1133 castas
493 1084 596 1150 pollue.
614 1082 690 1141 dixit,
706 1100 789 1149 aquas.
862 1143 864 1146 ¹

191 1156 257 1206 Luna
268 1173 357 1207 novum
370 1157 452 1207 decies
466 1156 577 1223 implerat
587 1156 699 1207 cornibus
710 1158 794 1207 orbem
805 1171 817 1215 5
911 1171 959 1220 175

228 1228 289 1293 Quae
301 1230 380 1281 iuerat
390 1231 460 1299 virgo
471 1230 564 1279 credita
575 1261 584 1289 ,
598 1242 674 1280 mater
684 1244 747 1282 erat.

188 1302 254 1353 Laesa
266 1303 322 1353 furit
332 1304 346 1355 J
348 1321 397 1355 uno
407 1338 416 1362 ‚
434 1303 536 1353 formam
547 1314 672 1368 mutatque
682 1304 781 1369 puellae.

228 1374 292 1439 Quid
303 1376 362 1427 lacis
375 1375 385 1426 l
401 1376 478 1427 invito
489 1376 588 1442 pellore
599 1374 661 1441 palla
670 1375 759 1428 iovem
769 1374 813 1426 eli·

189 1448 274 1514 thue
285 1449 343 1499 lerae
354 1449 416 1499 vidit
431 1451 515 1515 turpes
528 1449 551 1498 in
563 1449 650 1513 pellice
662 1450 744 1499 vultus
755 1466 766 1506 3

225 1519 306 1587 Hujus
320 1522 345 1571 in
355 1522 481 1585 ampiexus
492 1520 622 1585 Iuppiter,
639 1521 736 1585 inquit,
751 1532 803 1570 eat.
915 1519 964 1570 180

185 1594 249 1645 Ursa
262 1610 307 1658 per
317 1593 424 1645 incultos
435 1593 530 1643 errabat
541 1592 645 1656 squalida
654 1603 749 1643 montes
760 1625 769 1650 ‚

224 1666 291 1730 Quae
302 1660 485 1715 iuerat'iummo
495 1680 573 1730 nuper
582 1664 681 1714 amanda
691 1664 705 1715 J
708 1665 756 1715 ovi.

186 1738 241 1793 Jam
255 1737 304 1794 tria
314 1737 384 1789 lustra
396 1754 458 1804 puer
471 1738 537 1788 furto
552 1751 687 1805 conceptus
697 1741 802 1807 agebat,

224 1810 287 1863 Ctim
301 1823 447 1862 maternam
459 1812 491 1863 eli
502 1812 572 1875 obvia
584 1812 644 1863 laea
654 1812 707 1863 suo.

186 1884 230 1940 llla
240 1885 355 1952 quidem,
371 1899 490 1951 tamquam
502 1886 679 1954 cognosceret,
693 1884 780 1935 adstitit
790 1902 874 1937 amens
886 1919 894 1945 .
909 1886 940 1937 18
946 1902 958 1950 5

222 1958 254 2007 Et
267 1960 359 2026 gemuit
371 1976 379 2009 r
392 1960 494 2027 gemitus
506 1962 582 2009 verba
591 1960 699 2024 parentis
711 1972 789 2010 erant.

186 2029 256 2080 llanc
269 2048 332 2096 puer
345 2032 441 2097 ignarus
453 2030 535 2096 jaculo
548 2030 634 2081 fixisset
646 2044 720 2081 acuto
731 2064 740 2090 ,
806 2098 809 2102 1

196 2136 199 2141 -
221 2104 255 2152 Ni
270 2104 338 2153 foret
349 2104 373 2152 in
383 2104 480 2167 superas
490 2116 571 2167 raptus
581 2115 683 2168 uterque
695 2105 790 2153 domos.
817 2125 818 2129 ¹

187 2174 257 2243 Signa
267 2175 405 2243 propinqua
414 2174 502 2224 micant
512 2175 597 2239 t-prior
605 2175 654 2233 eli,
664 2193 734 2241 quam
743 2177 842 2229 dicimus
851 2176 940 2229 Arllon
954 2193 960 2228 ε

221 2248 390 2315 Ardtophylax
403 2248 504 2309 formam
517 2260 584 2315 terga
596 2248 717 2314 sequentis
730 2247 812 2299 habet.
908 2266 957 2316 190

185 2320 260 2373 Saevit
269 2322 349 2379 adhue
360 2354 369 2379 ,
388 2336 517 2387 canamque
531 2335 604 2389 rugat
613 2322 725 2383 Saturnia
733 2323 848 2393 Tethyn,

220 2395 361 2445 Maenaliam
371 2394 440 2445 tadlis
452 2412 482 2445 ne
493 2396 559 2444 lavet
571 2394 662 2446 Artior
672 2396 750 2461 aquis.
807 2424 811 2431 ·

182 2466 226 2517 ID
235 2468 246 2515 1
254 2468 272 2517 Β
280 2468 328 2519 Us
342 2467 438 2533 agrestis
454 2468 546 2517 fumant
556 2467 639 2517 altaria
651 2468 744 2529 Fauni,

219 2540 269 2589 Hic
281 2541 321 2591 ubi
332 2540 444 2591 discretas
455 2541 531 2591 insula
541 2541 629 2605 rumpit
640 2558 722 2607 aquas.

125 2664 126 2667 ,
183 2610 246 2661 flaec
258 2613 302 2663 fuit
315 2614 356 2663 illa
371 2613 444 2672 dies,
461 2614 484 2663 in
497 2630 543 2679 qua
554 2614 702 2665 Veientibus
711 2614 774 2665 arvia
905 2627 954 2679 195

125 2676 126 2727 i
218 2686 380 2743 Tercentum
393 2686 459 2737 Fabii
468 2698 507 2737 ter
518 2686 630 2737 cecidere
642 2686 700 2736 duo.

182 2756 238 2809 Una
249 2760 335 2809 domus
346 2760 411 2809 vires
423 2759 448 2809 ὅ(
461 2776 521 2809 onus
535 2759 670 2824 susceperat
680 2759 753 2809 Urbis
764 2776 775 2818 ;

217 2831 323 2881 sumunt
333 2832 436 2898 gentiles
447 2849 512 2884 arma
521 2832 623 2897 proleffa
633 2849 727 2881 marrus.

181 2900 314 2970 Egreditur
324 2902 403 2957 calicis
412 2906 480 2955 miles
494 2901 625 2972 geperosus
635 2907 664 2955 ab
675 2903 754 2955 isdem
763 2937 772 2963 ,

218 2976 238 3025 E
253 2972 308 3043 quis
320 2976 368 3027 dux
379 2976 431 3031 lieri
443 2979 543 3044 quilibet
550 2991 621 3045 aptus
633 2990 695 3027 erat.
902 2990 955 3024 200

183 3046 321 3103 Carmentis
332 3062 409 3114 portae
422 3052 507 3101 dextro
518 3050 557 3101 via
567 3052 675 3116 proxima
686 3048 747 3099 Iano
760 3048 809 3100 est:

216 3122 257 3175 lte
268 3138 313 3192 pet
323 3123 386 3177 haur
396 3124 463 3186 nuli,
477 3124 585 3195 quisquis
596 3140 643 3185 er,
659 3138 733 3174 omen
743 3122 827 3174 habet.
