2367 3942
257 450 552 541 Frsrondnr
577 450 683 523 Lrn.
708 458 795 528 III.
846 478 896 551 75

191 572 310 639 Pracipub
326 572 421 637 cupiam
438 570 513 621 celari
529 570 645 631 Thesea,
666 586 698 619 ne
712 582 740 622 te

174 708 176 710 ,
227 646 368 697 Consortern
385 645 462 711 culpae
476 644 581 712 gaudeat
597 642 644 695 effe
659 642 715 693 suae.

191 719 238 779 At,
253 732 334 785 puto,
351 718 478 785 preposita
494 718 527 767 est
543 716 615 768 fuscae
631 717 690 766 nihi
706 718 808 771 candida
822 722 914 786 pellex.

224 792 326 843 Eveniat
341 790 425 841 nostris
442 790 547 842 hostibus
562 792 605 841 ille
622 790 711 841 color!

190 866 253 931 Quid
267 877 348 915 tamen
362 865 410 915 boc
424 864 520 924 refert,
536 865 600 915 vitio
614 865 635 913 si
651 864 744 933 gratior
757 864 808 933 ipso
822 866 878 926 eli?
905 884 957 935 495
986 891 992 902 1

223 939 289 1003 Quid
305 937 380 995 iacis?
400 939 522 1005 amplexus
540 938 650 1005 inquinat
664 940 705 989 illa
719 950 785 989 tuor.

188 1013 301 1067 Bacche,
318 1008 390 1061 fidem
404 1010 504 1079 psalla3
521 1028 567 1062 nec
583 1012 673 1077 praefer
685 1012 806 1065 amoribus
821 1015 893 1066 ullam

222 1084 340 1153 conjugis
354 1084 450 1135 affuetae
467 1085 562 1151 semper
577 1101 657 1140 amate
672 1085 760 1137 virum.
807 1108 810 1112 ·

189 1158 310 1226 Ceperunt
325 1171 426 1209 matrem
443 1158 546 1209 formosi
565 1176 655 1210 cornua
670 1158 756 1216 tauri,

221 1232 264 1281 Me
280 1244 321 1282 tua
333 1248 340 1282 ε
352 1246 377 1283 at
390 1232 429 1283 hic
444 1232 510 1283 laudi
526 1230 579 1292 est,
596 1233 638 1282 ille
653 1232 781 1298 pudendus
797 1250 875 1287 arnor.
904 1250 957 1295 500
1024 1231 1028 1238 ’

187 1305 223 1355 Ne
232 1318 319 1355 noceat
330 1305 396 1372 quod
406 1322 462 1357 amo
476 1321 484 1357 c
495 1322 574 1373 neque
585 1306 649 1356 enirn
659 1306 713 1364 tibi,
722 1305 958 1371 Brcclre,nocebat,

220 1378 293 1443 Quod
307 1378 412 1430 flammas
427 1379 498 1429 nobis
515 1378 584 1429 fassus
602 1396 628 1431 es
643 1379 695 1445 iple
709 1391 773 1430 tuas.

185 1452 255 1510 Nec,
272 1453 337 1520 quod
353 1466 400 1503 nos
418 1452 489 1508 uris,
505 1452 589 1501 mirum
605 1453 766 1502 facistortus
782 1452 808 1501 in
823 1451 879 1520 igne

217 1525 333 1584 Diceris,
350 1526 376 1577 bc
388 1523 473 1591 patrii
487 1536 570 1589 raptus
588 1526 618 1573 ab
632 1525 690 1591 igne
708 1540 789 1574 manu.

182 1598 224 1648 llla
240 1614 288 1665 ego
304 1599 354 1648 sum
365 1631 373 1656 ,
386 1592 436 1647 'cui
454 1608 483 1646 tu
498 1594 581 1647 solitus
597 1598 742 1663 promittere
755 1597 855 1651 coelum.
904 1616 954 1665 505

138 1678 142 1687 '
197 1668 200 1673 ’
215 1672 265 1721 llei
280 1671 340 1721 mihi
352 1670 359 1719 l
372 1686 419 1736 pro
435 1669 500 1720 coelo
516 1669 596 1736 qualia
612 1669 675 1719 dona
689 1669 764 1720 lero!

180 1744 282 1795 Dixerat
295 1758 303 1794 c
316 1744 414 1793 audibat
426 1740 476 1809 jans
492 1742 580 1793 dudum
593 1744 668 1795 verba
682 1742 806 1811 querentis

214 1818 310 1877 liber,
327 1828 356 1867 ut
372 1834 386 1866 a
401 1828 474 1886 tergo
489 1816 554 1867 forte
569 1817 666 1869 secutus
683 1829 744 1868 erat.

180 1890 293 1957 Occupat
309 1892 439 1957 amplexu,
457 1893 622 1959 lacrymasque
639 1908 683 1959 per
699 1892 781 1943 oscula
795 1891 871 1946 siccat
880 1912 890 1955 3

214 1964 268 2022 Et,
288 1962 382 2015 Pariter
396 1964 453 2014 cccli
465 1963 554 2023 summa
570 1976 700 2030 petamus,
719 1966 763 2016 ait.
903 1984 954 2032 510

178 2036 218 2087 Tu
234 2036 294 2087 mibi
308 2034 388 2103 jundla
399 2047 475 2094 toro,
492 2038 549 2086 milri
563 2035 645 2103 jundla
658 2039 779 2089 vocabula
795 2039 869 2091 sume.

212 2109 266 2163 Janr
283 2110 331 2159 tibi
347 2120 446 2159 mutatae
462 2108 550 2159 Libera
565 2126 656 2159 nornen
673 2111 729 2161 erit.
808 2171 811 2176 y

179 2184 279 2252 &ratque
298 2194 349 2233 tuae
362 2192 445 2231 tecum
461 2180 549 2231 faciam
564 2196 721 2234 monumenta
736 2200 852 2244 corona,

211 2258 342 2311 Vulcanus
358 2254 536 2322 Veneriquam
552 2254 636 2316 dedit,
653 2256 693 2306 illa
708 2255 763 2309 tibi.

176 2330 247 2381 Diua
255 2330 491 2397 facit,getnrnasque
500 2345 588 2379 novem
597 2330 752 2381 transformat
760 2332 783 2381 in
792 2331 876 2399 ignes:
900 2350 950 2402 515

212 2403 295 2454 Aurea
310 2420 355 2469 per
369 2402 448 2453 stellas
462 2418 526 2451 nunc
541 2403 614 2453 micat
628 2404 669 2453 illa
683 2420 780 2454 novem.
819 2421 821 2425 ·
842 2439 848 2444 -

175 2477 252 2526 SEX
267 2476 310 2527 ubi
322 2474 459 2537 sustulerit,
476 2475 579 2525 totidem
593 2476 750 2535 demerserit,
767 2479 859 2539 orbes,

211 2548 461 2617 Purpureumrapido
478 2549 519 2615 qui
537 2548 606 2598 vehit
621 2566 667 2600 axe
684 2550 769 2608 diern;

111 2670 114 2677 ,
173 2622 261 2681 Altera
276 2623 399 2691 grarnineo
414 2621 529 2688 spefiabis
546 2622 644 2688 Equiria
660 2640 765 2690 eampo,

210 2696 295 2761 Quem
308 2696 390 2746 Tibris
402 2697 481 2747 curvis
494 2695 520 2745 in
534 2696 598 2746 latus
613 2707 685 2763 urget
698 2697 774 2763 aquis.
897 2712 949 2761 520
979 2704 983 2710 '

174 2768 222 2833 Qui
238 2766 321 2820 tamen
338 2768 416 2836 ejettt
433 2770 454 2821 si
467 2768 532 2820 forte
547 2768 670 2819 tenebitur
683 2769 767 2830 unda,

209 2843 305 2894 Coelius
321 2842 424 2909 accipiat
439 2842 624 2910 pulverulentus
640 2859 729 2911 equos.

173 2914 319 2967 lDlBUS
334 2916 367 2966 ast
384 2916 461 2967 Annae
476 2915 559 2967 festum
575 2915 669 2985 geniale
685 2914 824 2976 Perenna,

209 2990 286 3040 Haud
300 2990 386 3054 procul
402 2990 506 3057 arripis,
526 2990 619 3039 advena
634 2990 722 3047 Tibri,
739 2990 799 3050 tuis.
867 2988 869 2992 '

174 3058 244 3113 Plebs
261 3063 350 3121 uenit,
371 3063 497 3114 acvirides
513 3064 600 3129 passim
617 3060 715 3129 disjetta
729 3065 778 3127 per'
788 3061 876 3110 barbas
898 3071 947 3125 525

209 3134 306 3196 Potat3
326 3137 487 3190 &accumbit
504 3152 632 3203 cumpace
648 3133 749 3201 quisque
765 3134 839 3255 sug*

823 3220 840 3268 ¹1
