2367 3942
313 400 366 477 50
413 379 455 448 P.
480 378 674 449 Ονιυιι
700 380 930 451 Nasonis

312 501 351 553 Eli
362 501 431 549 locus
441 512 450 548 t
462 496 553 562 antiqui
566 494 687 563 Capteam
697 497 781 548 diacre
789 499 912 565 paludem.

348 572 422 623 sorte
433 570 481 621 tuit
491 569 539 621 illic
551 604 559 627 ‚
578 570 682 623 Romule
694 604 701 629 .
719 570 772 637 jura
786 574 867 622 dabas.

311 646 354 699 Sol
364 646 445 713 sugit,
466 647 490 695 δι
503 658 632 695 removent
646 645 770 694 subeuntia
782 646 865 695 nubila
874 645 980 706 columi

309 770 312 777 ,
346 717 378 771 Et
391 718 471 788 gravis
483 716 566 769 effusis
580 718 671 769 decidit
684 718 761 768 imber
774 720 851 784 aquis.

247 812 300 865 495
311 792 376 843 iiiuc
391 806 479 847 tonat,
498 792 553 841 hinc
567 791 645 842 missis
659 792 808 856 abrumpitur
821 792 918 860 ignibus
931 792 1013 845 ether.

348 866 386 917 sie
396 866 453 935 suga
465 881 472 915 ε
485 864 538 915 Rex
553 867 636 931 patriis
648 865 706 914 astra
719 868 819 932 petebat
832 867 910 932 equis.

309 939 397 992 lullus
408 950 459 989 erat
471 973 479 998 ,
495 938 607 1007 salseque
619 937 736 989 Patierin
752 939 852 989 crimine
863 938 954 993 aedua

348 1012 504 1079 Haesissetque
518 1012 603 1063 animis
617 1012 719 1063 forsitan
732 1011 773 1061 illa
787 1012 858 1061 fides.

309 1086 357 1138 Sed
369 1086 486 1136 laecum
498 1085 581 1155 Longi
596 1086 710 1135 veniebat
719 1084 797 1137 Julius
811 1084 873 1136 Alba
885 1101 895 1137 a

249 1178 301 1229 500
348 1160 464 1225 Lunaque
478 1159 606 1226 fulgebat.
621 1176 668 1209 nec
682 1158 741 1209 sacis
756 1159 810 1209 usus
826 1172 889 1210 erat.

311 1231 373 1283 (uim
388 1233 466 1283 subito
479 1248 548 1281 motu
558 1233 634 1283 nubet
645 1234 763 1299 crepuere
776 1232 884 1284 sinistra.

346 1306 451 1356 Rettulit
465 1306 506 1357 ille
521 1306 630 1374 gradus,
646 1305 844 1373 horrueruntque
860 1320 947 1373 come.

308 1379 431 1439 Pulcher,
450 1378 476 1431 bc
490 1381 595 1429 humano
610 1379 707 1445 major,
726 1381 857 1445 trabeique
871 1380 994 1437 decorus.

345 1452 463 1512 Romulus
476 1452 500 1503 in
511 1453 589 1503 medii
599 1454 663 1505 visus
673 1452 750 1503 adesse
765 1452 822 1511 vii,

248 1543 297 1595 505
311 1528 342 1577 Et
358 1526 439 1577 dixisse
452 1529 544 1586 simul;
563 1526 667 1577 Prohibe
681 1528 766 1595 lugere
780 1525 912 1589 Quirites5

345 1600 399 1651 Nec
409 1602 503 1649 violent
514 1602 626 1667 lacrymis
636 1602 730 1649 numina
742 1600 820 1649 nostra
831 1598 888 1649 suis.

307 1672 374 1724 Tura
384 1672 479 1729 ferant,
492 1673 638 1737 placentque
649 1689 739 1720 novum
749 1673 787 1737 pia
799 1675 870 1722 turba
881 1670 1021 1737 Quirinum.

346 1746 377 1795 Et
392 1744 479 1810 patrias
492 1757 556 1795 artes
573 1746 730 1809 militiamque
745 1743 838 1795 colant.

307 1818 384 1872 Iussit
395 1834 402 1867 τ
415 1818 441 1868 &
451 1818 476 1867 in
489 1831 575 1866 tenues
587 1818 665 1867 oculis
679 1818 778 1868 evanuit
792 1836 875 1869 auran.

245 1908 296 1959 510
346 1891 475 1945 Convocat
485 1892 523 1941 hic
537 1890 638 1949 Patres,
655 1891 762 1961 jussaque
776 1895 851 1943 verba
861 1890 948 1941 refert.

306 1964 409 2031 Templa
420 1964 479 2015 Deo
490 1964 551 2015 fiunt
565 1981 572 2015 a
587 1967 657 2017 collis
672 1984 770 2035 quoque
785 1967 862 2016 didius
875 1964 962 2014 abillo
974 1978 985 2021 ς

343 2038 376 2089 Et
387 2039 495 2091 referunt
510 2040 571 2091 certi
587 2040 651 2090 sacra
665 2055 766 2108 paterna
780 2041 842 2090 dies.

305 2111 359 2164 Lux
370 2129 467 2181 quoque
478 2131 521 2164 cur
531 2115 616 2164 eadem
627 2116 762 2164 Stultorum
772 2112 829 2162 sesta
840 2122 965 2169 vocetur,

344 2185 437 2253 Accipe
449 2204 457 2237 r
469 2204 543 2253 parva
553 2188 650 2253 quidem
664 2186 752 2243 causa,
770 2184 810 2233 sed
825 2197 881 2248 apta
896 2184 987 2236 subest·

247 2273 296 2325 μς
310 2260 367 2309 Non
378 2260 460 2310 habuit
472 2262 544 2312 tellus
559 2260 644 2309 doiio's
659 2260 754 2323 antiqua
766 2258 888 2313 colonost
1002 2264 1005 2267 ’

343 2332 467 2386 Lafllbnnt
478 2334 552 2403 agiles
566 2336 648 2397 alpera
659 2332 721 2380 bella
731 2331 808 2378 viros.
855 2346 859 2353 ¹

307 2404 364 2457 Plus
375 2419 428 2457 etat
440 2408 463 2455 in
474 2406 571 2475 gladio,
591 2408 660 2471 quim
672 2418 747 2451 curvo
758 2399 834 2449 laudis
843 2401 925 2446 aratro
935 2410 947 2449 a

344 2480 475 2547 Negledius
489 2479 587 2527 domino
600 2492 677 2543 pauca
692 2474 786 2524 ferebat
800 2486 865 2538 ager.

306 2546 378 2604 Parra
389 2566 468 2603 tamen
479 2538 577 2599 vete‘res
588 2548 710 2612 jaciebant
721 2580 729 2604 ‚
745 2546 806 2595 farra
818 2544 967 2599 metebant:

245 2642 297 2693 52o
346 2625 462 2681 Primitiae
476 2624 563 2673 Cereri
573 2620 635 2671 farra
647 2620 735 2670 tesedia
748 2619 844 2668 dabant.

307 2698 396 2751 Usibus
407 2697 522 2746 admoniti
534 2694 633 2743 slammis
643 2693 758 2744 torrenda
770 2691 861 2742 dedere
872 2724 882 2751 ‚

342 2770 470 2835 Multaque
486 2782 588 2835 peccato
605 2768 689 2818 damna
703 2769 782 2816 tulere
800 2765 852 2815 suo.
944 2787 953 2797 Α

305 2844 367 2895 Nam
380 2840 453 2895 mudd
467 2844 597 2892 verrebant
611 2842 689 2910 nigrat
702 2858 747 2907 pro
758 2840 822 2891 sante
833 2838 953 2903 saniliare

343 2919 414 2967 Nunc
425 2916 485 2984 ipsas
499 2916 547 2985 igni
560 2920 699 2982 corripuere
712 2915 785 2966 casas.
817 2929 844 2939 '¹
937 2929 943 2943 ·
988 2974 994 2982 Ι

245 3004 294 3055 525
307 2990 377 3042 Fadia
388 2992 442 3041 Dea
457 2991 489 3041 esi
501 2992 596 3043 Fornax
609 3007 616 3041 ε
631 2989 681 3039 lati
691 2986 800 3040 Fornace
811 2986 896 3039 coloni
991 3016 997 3024 ·

342 3064 443 3127 Orant,
457 3077 487 3117 ut
499 3066 583 3135 fruges
595 3076 717 3135 temperet
729 3064 772 3117 illa
786 3062 851 3116 suat.
