2367 3942
239 388 548 455 F-Aeronunr
576 384 780 476 ΜΝ.
827 386 881 476 ·89

164 507 212 557 llla
225 506 295 555 Deos
311 520 415 563 omnes,
431 505 529 570 longum
545 496 707 561 enumerare.
724 501 839 561 creavit3
889 516 922 571 95

207 579 249 628 llla
264 579 320 628 satis
336 578 416 627 causas
432 578 604 642 arboribusque
619 575 697 625 dedit.

167 652 214 717 lila
228 652 300 702 tudes
318 652 411 701 animos
425 651 548 701 hominum
564 649 688 699 contraxit
701 648 727 698 in
741 666 833 706 unum,

207 724 238 775 Et
255 724 340 774 docuit
354 723 420 791 jungi
436 740 489 773 eum
505 740 563 789 pare
579 738 699 789 quemque
713 722 782 774 suri(

109 802 113 811 '
139 844 141 849 ,
168 796 238 861 Quid
250 813 328 864 genus
339 812 411 846 omne
422 809 488 846 creat
496 797 642 851 volucrum,
654 796 701 845 nisi
711 796 798 846 blanda
807 798 920 863 voluptas
933 793 944 844 ?

205 871 263 920 Nec
282 871 370 919 coeant
386 869 511 935 pecudes,
527 869 548 919 si
563 869 625 918 levis
638 869 700 920 abrit
714 885 791 920 amor.
808 883 810 887 ·
892 886 954 920 roo·

169 942 233 993 Cum
250 959 317 993 mare
333 956 388 993 trux
402 943 464 992 aries
480 958 557 992 cornu
572 943 683 992 decertat
694 957 702 994 ε
713 954 739 993 at
752 943 818 993 idem

205 1017 322 1067 Frontem
336 1016 426 1067 disesia
443 1017 532 1065 laedere
547 1015 625 1081 parcit
641 1016 705 1067 ovis.

168 1089 291 1157 Depositai
304 1101 385 1140 taurus
402 1089 509 1157 sequitur
525 1089 624 1139 feritate
636 1088 785 1157 juventam,

207 1163 288 1227 Quem
302 1165 349 1213 toti
362 1165 454 1219 saltus,
472 1180 543 1230 quem
558 1180 643 1213 nemus
657 1180 748 1220 omne,
763 1176 880 1214 tremunt.

169 1236 214 1285 Vis
229 1236 330 1296 eadem,
350 1238 400 1287 lato
415 1237 585 1304 quodcumque
600 1235 643 1286 sub
656 1253 754 1303 aequore
769 1237 849 1296 vivit,
891 1251 941 1298 105
1034 1262 1038 1270 ·

205 1309 312 1369 Servat3
332 1311 358 1361 &
375 1310 507 1360 innumeris
523 1310 626 1376 piscibus
639 1309 725 1374 implet
739 1325 823 1375 equas.
930 1372 933 1377 ⁸

168 1379 246 1431 Prima
263 1383 329 1433 seros
346 1384 445 1437 habitus
458 1382 551 1432 homini
566 1382 671 1432 detraxit
682 1399 690 1432 τ
701 1383 732 1431 ab
747 1381 791 1440 illa

205 1457 334 1506 Venerunt
348 1457 429 1505 custus
445 1453 581 1520 mundaque
597 1471 654 1503 eura
669 1454 714 1503 sui.

168 1526 259 1579 Primus
274 1546 357 1579 amans
373 1543 472 1577 carmen
486 1526 629 1593 vigilatum,
645 1523 715 1577 nosse
730 1524 835 1594 negati,

203 1602 302 1652 Dicitur
317 1602 347 1650 ad
363 1599 453 1651 clausas
468 1597 615 1651 concinuisse
630 1599 707 1651 sores·
824 1654 830 1664 ,
892 1615 943 1651 tro
1036 1665 1041 1669 ό

104 1694 105 1697 “
169 1673 346 1741 Eloquiumque
362 1674 408 1725 suit
425 1671 507 1725 duta'm
521 1688 627 1723 exorare
640 1674 767 1740 pueliam

203 1746 298 1813 Proque
314 1745 355 1797 sui
370 1746 443 1797 causi
457 1747 559 1814 quisque
574 1746 676 1797 disertus
692 1760 754 1797 erat.
832 1787 837 1796 .

168 1818 237 1870 Mille
252 1822 373 1887 perhanc
389 1832 453 1871 artes
466 1833 557 1871 motae:
572 1818 696 1886 studioque
712 1821 849 1887 placendi,
908 1828 913 1835 ’

202 1893 265 1957 Quae
280 1895 373 1943 latuere
387 1894 472 1960 prius,
490 1895 565 1943 muita
579 1905 678 1959 reperta
691 1894 785 1958 ferunt.¹
827 1891 830 1897 “

168 1965 234 2015 Hanc
251 1966 376 2033 quisquam
392 1966 464 2015 titulo
478 1967 568 2015 mensis
584 1965 685 2029 spoliate
699 1965 795 2015 secundi
889 1981 937 2029 115
959 2012 965 2017 ,

201 2038 323 2090 Audeat?
342 2056 356 2085 a
369 2038 439 2087 nobis
454 2038 485 2087 sit
500 2038 586 2102 procul
600 2036 642 2086 isse
656 2037 734 2087 furor.

169 2109 230 2173 Quid
238 2111 248 2162 i
255 2111 324 2179 quod
334 2110 422 2176 ubique
430 2122 517 2175 potens
524 2143 531 2169 ‚
538 2110 683 2175 templisque
691 2109 854 2176 frequentibus
862 2112 939 2170 autin,

203 2186 270 2235 Urbe
287 2196 370 2235 tamen
385 2183 463 2234 nostri
478 2182 517 2251 jus
531 2183 587 2233 Dea
602 2180 680 2249 niajus
695 2183 788 2234 habet?

166 2254 210 2307 Pro
226 2256 325 2325 Troja,
340 2256 469 2316 Romane,
487 2256 529 2307 tui
544 2257 632 2308 Venus
648 2272 713 2307 arma
726 2257 839 2317 serebat3

201 2330 263 2399 Cum
280 2330 374 2399 gemuit
387 2345 496 2381 teneram
511 2330 610 2397 cuspide
624 2330 678 2379 laesa
691 2348 804 2390 manum,
887 2345 937 2382 120
978 2359 984 2375 ·

168 2402 332 2469 coelestesque
349 2405 425 2463 diras,
444 2402 555 2469 Trojano
570 2403 671 2468 jndice,
688 2404 757 2456 vicit.

202 2476 240 2525 Ah
256 2480 328 2527 nolim
343 2478 416 2527 vissae
433 2478 480 2527 hoc
497 2478 626 2527 meminisse
641 2477 708 2527 Deas
725 2478 731 2526 !

167 2548 317 2615 Assaracique
333 2567 407 2599 nurus
424 2550 484 2601 ditia
500 2550 533 2600 est
544 2567 551 2601 ε
564 2564 591 2601 ut
607 2550 699 2601 scilieet
714 2551 773 2601 olim

202 2623 305 2688 Magnus
320 2625 400 2673 Iuleos
415 2623 496 2674 Caesar
509 2624 612 2673 haberet
623 2640 693 2673 avos.

168 2694 218 2744 Nec
230 2696 323 2749 Veneri
333 2708 428 2763 tempus
440 2729 450 2756 ,
466 2692 535 2763 quim
546 2712 590 2747 ver
602 2729 610 2754 ‚
625 2708 678 2747 erat
687 2697 862 2763 aptiuaullum.
885 2706 917 2744 12
921 2708 934 2756 5
970 2720 973 2726 ·

200 2770 268 2819 Vere
284 2769 361 2819 nitent
375 2784 445 2821 terrae
458 2786 465 2819 τ
479 2786 538 2819 vere
552 2768 659 2819 remissus
673 2786 741 2838 ager.

167 2840 234 2891 Nunc
250 2841 350 2899 herbe,
367 2855 438 2907 rupta
453 2844 559 2901 tellure,
579 2841 701 2893 cacumina
714 2842 826 2900 tollunt3
925 2868 928 2873 ·
1029 2855 1031 2859 ’

106 2964 107 2969 ,
201 2914 271 2963 Nunc
288 2915 381 2964 tumido
398 2932 502 2982 gemmas
520 2916 614 2965 cortice
631 2915 721 2980 palmes
737 2914 797 2980 agit.

170 2982 196 3035 Et
212 2986 314 3035 formosa
329 2987 414 3037 Venus
431 2988 536 3038 formoso
554 3000 665 3052 tempore
680 2987 751 3054 digna
765 2985 821 3044 est3

200 3058 280 3127 thue
295 3060 377 3118 solet,
393 3058 470 3111 Marti
487 3061 630 3111 continuata
643 3059 696 3111 suo.
797 3123 801 3134 ἡ
867 3065 933 3116 '¹30
