2367 3942
241 436 245 443 ·
294 402 342 473 80
390 378 433 469 P.
462 400 654 471 Orruit
682 357 915 468 NAs'orrrs

293 522 374 587 Atque
388 522 419 571 ita
434 536 479 587 per
493 520 608 585 populum
624 519 740 569 fumantia
753 534 823 569 mane
838 518 932 570 soleba

327 595 448 644 Dividere
460 611 467 643 :
479 595 531 644 haec
547 594 640 659 populo
657 592 728 658 copia
738 604 809 658 'grata
825 592 880 642 suit.

292 667 356 717 Pace
373 668 437 717 domi
452 668 534 726 lassi,
551 668 645 733 signum
661 665 764 731 posuere
779 663 916 725 Perenna,

330 740 404 805 Quod
418 742 463 791 sibi
478 740 576 791 deseslis
591 740 632 789 illa
645 738 735 788 tulisset
750 754 833 803 opem.

231 812 265 878 67
270 829 282 878 5
295 815 367 865 Nunc
378 814 435 863 rrrilri
447 848 454 874 ‚
468 830 510 863 cur
522 827 621 864 cantent
632 846 639 870 ,
650 810 771 878 superest,
783 811 888 862 obscena
896 813 997 877 puelle,

330 888 423 937 Dicere
430 905 443 958 ,ε
456 905 510 937 nam
525 890 636 945 cudunt,
651 899 767 950 certaque
781 887 871 949 probra
885 899 979 936 canunt.

292 961 378 1027 Nuper
393 974 445 1011 erat
456 962 515 1011 Dea
530 960 589 1011 fasta
602 977 613 1018 ς
626 960 694 1010 venit
709 958 830 1009 Gradivus
845 959 876 1009 ad
888 959 998 1019 Annam,

329 1034 361 1083 Et
377 1052 431 1085 curn
448 1033 543 1084 sedutid
556 1034 613 1084 talia
629 1032 704 1082 verba
717 1031 787 1081 facit.

293 1106 379 1158 Mense
394 1125 451 1159 meo
466 1107 555 1157 coleris
567 1124 574 1157 ε
586 1106 655 1171 junxi
666 1122 720 1155 mea
734 1117 845 1171 tempora
857 1118 959 1165 tecum

230 1179 283 1230 680
331 1180 425 1231 Pendet
439 1183 468 1231 ab
484 1179 566 1231 officio
582 1180 635 1245 spes
650 1178 708 1227 milri
722 1194 808 1245 magna
821 1191 876 1229 tuo.

292 1255 398 1305 Armiser
414 1255 532 1305 armiferae
548 1265 676 1319 correptus
691 1268 774 1301 amore
788 1252 909 1302 Minerva

329 1328 416 1377 Uror:
430 1329 456 1379 δι
469 1328 518 1378 hoc
534 1328 610 1393 longo
624 1338 736 1391 tempore
752 1325 840 1374 vulnus
854 1326 906 1376 alo.

293 1399 390 1461 Effice,
407 1400 442 1451 Di
458 1400 534 1452 studio
549 1400 639 1450 similes
656 1400 770 1449 co'e'amus
783 1398 807 1447 in
822 1415 906 1449 unum.

330 1474 486 1526 Conveniunt
500 1488 582 1543 partes
597 1475 635 1523 hae
648 1473 710 1532 ribi,
726 1472 800 1522 comis
814 1488 884 1521 antis.

230 1544 280 1609 685
294 1546 408 1598 Dixerat.
427 1549 566 1599 llla‘Deum
579 1547 692 1613 promisso
706 1546 767 1597 ludit
780 1541 866 1603 inani3

329 1621 360 1671 Er
374 1620 467 1670 slultam
482 1621 553 1671 dubit
566 1622 637 1685 spem,
646 1620 721 1671 trahit
733 1634 810 1683 usque
826 1616 904 1668 mord.

236 1692 238 1696 ’
291 1692 382 1759 Saepius
398 1692 509 1751 instanti,
527 1692 643 1742 Mandata
658 1691 813 1757 peregimus.
830 1692 929 1759 inquit3
1006 1712 1008 1718 ·
1078 1731 1079 1738 ,

262 1792 266 1801 ν
327 1764 420 1814 Evisias
438 1765 550 1830 precibus
566 1763 609 1812 vix
624 1763 691 1812 dedit
706 1762 746 1811 illa
762 1780 854 1813 manus.

294 1836 393 1887 Gaudet
403 1853 502 1894 amans,
524 1836 690 1901 thalamosque
702 1847 770 1899 parat
782 1849 794 1884 t·
802 1835 935 1890 deducitur
944 1839 1005 1891 illuc

228 1909 281 1973 690
328 1911 399 1959 Anna
415 1922 501 1977 tegens
517 1910 618 1967 vultus,
637 1920 664 1957 ut
681 1925 745 1957 nova
760 1919 853 1973 nupta,
873 1910 939 1963 suos.

291 1982 380 2035 Oscula
397 1982 533 2041 sumturus,
551 1980 630 2034 subitd
643 1982 711 2033 Mars
727 1981 809 2045 aspicit
823 1981 942 2043 Annam

327 2057 398 2107 Nunc
414 2058 492 2125 pudor
508 2057 618 2116 elusum,
636 2072 700 2107 nunc
716 2055 776 2105 subit
791 2055 845 2114 ira,
864 2056 959 2110 Deum.

289 2128 362 2181 Ridet
377 2145 509 2182 amatorem
525 2148 587 2181 carae
604 2147 667 2179 nova
682 2128 746 2177 Diva
760 2129 901 2187 Minervam

221 2260 225 2269 ,
326 2204 379 2253 Nec
395 2220 434 2255 res
447 2206 492 2252 hac
505 2203 601 2253 Veneri
615 2203 707 2267 gratior
721 2200 769 2248 ulla
785 2200 841 2251 fuit.

226 2273 276 2337 695
292 2275 350 2325 lnde
367 2274 416 2341 joci
429 2288 527 2325 veteres
543 2272 694 2338 obscenaque
710 2272 770 2321 dilla
788 2286 927 2334 canunturs

237 2358 239 2363 “
327 2348 357 2397 Et
372 2346 439 2411 juvat
452 2348 514 2396 hanc
529 2362 617 2413 magno
629 2346 704 2395 verba
719 2345 807 2396 dedisse
822 2349 890 2398 Deo.

200 2418 203 2423 ’
219 2422 221 2429 ’
287 2416 557 2471 PRAETERITURUS
575 2434 639 2467 eram
651 2419 743 2484 gladios
756 2419 780 2469 in
791 2419 903 2487 Principe
914 2418 981 2473 fixos
994 2440 1008 2481 ς

325 2491 386 2541 Ctlm
401 2492 464 2541 sica
481 2491 547 2541 callis
562 2490 636 2544 Vella
651 2493 733 2541 locuta
747 2493 808 2543 focis
817 2510 827 2551 ;

288 2566 327 2613 Ne
343 2565 423 2616 dubita
439 2563 568 2615 meminisse
579 2580 586 2616 t
599 2582 667 2616 meus
681 2565 726 2615 suit
740 2565 782 2615 ille
797 2566 927 2618 Sacerdos.
1022 2588 1030 2603 ·

226 2653 279 2701 700
327 2636 455 2705 Sacrilego
471 2638 525 2689 telis
541 2655 579 2689 me
596 2639 690 2703 petiere
706 2655 798 2689 nunus.
886 2663 892 2673 ·

289 2710 340 2777 lpsa
357 2711 434 2761 virum
449 2711 515 2777 rapui
528 2744 538 2769 ,
554 2712 727 2777 simulacraque
742 2710 805 2765 nuda
820 2712 919 2777 reliqui.

316 2783 388 2851 unae
406 2784 493 2833 cecidit
510 2784 594 2843 ferro,
615 2784 714 2834 Caelaris
722 2784 809 2833 umbra
827 2784 881 2835 suit.

288 2856 333 2905 llle
349 2856 444 2923 quidem
461 2857 525 2907 coelo
540 2858 632 2923 positus
650 2856 718 2908 lovis
735 2857 795 2907 atria
809 2855 907 2918 servat,

161 2992 162 2997 ¹
325 2928 356 2978 Et
372 2941 442 2981 tenet
455 2929 481 2981 in
497 2947 584 2999 magno
598 2933 689 2994 templa
702 2930 780 2980 dicata
794 2930 859 2980 loro.

226 3014 276 3062 705
291 3000 324 3051 At
340 3003 482 3069 quicumque
496 3004 563 3053 nesas
576 3002 647 3059 ausi,
665 3002 812 3067 prohibente
827 3004 930 3056 deorum

321 3070 447 3136 Numine,
465 3076 604 3144 polluerant
618 3072 759 3127 Pontificale
775 3088 859 3142 caput.
