2367 3942
325 372 373 441 28
423 370 464 441 P.
494 368 686 442 Ονιυιι
712 372 930 444 Nasonis

324 493 379 541 Nec
387 504 468 541 tamen
476 490 500 543 id
509 490 592 540 salsum
601 506 608 541 ε
618 507 673 540 nam
680 524 688 549 ‚
696 490 743 541 Dis
751 526 759 550 ,
767 504 794 541 ut
803 494 909 558 proxima
917 511 1011 562 queque,

361 566 434 615 Nunc
448 564 526 631 pennd
539 580 629 623 veras,
646 581 710 613 nunc
726 565 787 614 datis
802 582 863 623 ore,
882 579 951 615 notas.

323 638 390 688 Tuta
400 639 441 687 diu
450 639 576 688 volucrum
587 640 669 703 proles
681 670 688 696 ,
702 650 753 687 tum
766 638 868 704 denique
878 639 932 689 cesa
941 639 987 691 est:

260 729 315 777 450
362 712 529 778 Juveruntque
540 712 612 761 Deos
622 711 706 760 indicis
722 722 778 760 exta
790 710 833 760 sui.

324 785 389 852 Ergo
401 785 462 850 saepe
474 817 482 841 ‚
500 783 542 833 suo
555 783 645 848 conjux
655 783 755 832 abdusia
768 784 874 843 marito,

360 858 445 909 Uritur
459 858 483 906 in
498 856 579 907 calidis
595 858 649 905 alba
664 857 775 905 columba
788 857 860 908 socir.

323 932 377 981 Nec
390 930 486 981 defensa
500 928 585 995 juvant
595 929 717 995 Capitolia
728 962 735 987 ,
750 946 799 995 quo
809 931 885 982 minus
896 931 958 983 anser

359 1005 412 1054 Det
423 1002 491 1067 jecur
501 1003 525 1051 in
536 1004 619 1053 lances
630 1036 638 1061 ‚
658 1002 741 1051 Inachi
751 1004 834 1063 lauta,
852 1016 914 1056 tuas.

260 1095 276 1140 4
282 1094 292 1141 5
300 1078 403 1146 51Nosie
414 1076 477 1126 Deae
490 1076 563 1125 Nosti
573 1075 681 1125 cristatus
696 1076 795 1126 caeditur
805 1078 876 1135 ales,

359 1150 435 1214 Quod
448 1148 556 1214 tepidum
566 1149 632 1215 vigili
643 1161 763 1213 provocat
774 1165 818 1199 ore
833 1150 905 1201 diem

323 1225 420 1273 Interea
430 1217 538 1288 Delphin
548 1223 639 1271 clarum
649 1222 719 1287 super
730 1238 829 1288 aequora
843 1222 907 1275 sidus
1012 1232 1015 1237 '

360 1296 466 1346 Tollitur
477 1314 487 1355 3
507 1296 532 1346 ἃ
544 1295 627 1361 patriis
638 1295 727 1346 exserit
739 1312 781 1344 ora
793 1297 868 1347 vadis.

323 1368 478 1421 POSTERA
492 1370 534 1419 lux
543 1370 648 1419 hiemem
657 1368 737 1418 medio
749 1369 881 1419 discrimine
892 1369 966 1437 signat
976 1389 986 1431 ς

261 1445 314 1509 460
361 1442 489 1510 AEquaque
499 1444 648 1511 praeteritae,
665 1460 718 1508 quae
729 1441 865 1508 superabit7
881 1444 935 1493 erit.

325 1515 486 1567 PROXIMA
496 1517 626 1584 prospiciet
637 1517 747 1566 Tithono
758 1527 832 1581 nupta
841 1516 925 1566 relitio

361 1589 470 1639 Arcadiae
484 1590 574 1640 sacrum
587 1588 726 1654 pontificale
739 1580 812 1639 Deae.

324 1664 363 1713 Te
375 1664 525 1730 quoquelux
534 1661 619 1710 eadem
630 1691 637 1717 ,
650 1660 728 1709 Turni
739 1661 806 1709 soror
817 1694 824 1718 ,
839 1661 891 1712 aede
902 1664 996 1728 recepit
1005 1628 1018 1724 a

362 1733 409 1784 Hic
420 1734 461 1782 ubi
470 1732 586 1799 Virginei
598 1733 703 1797 Campus
715 1733 796 1780 obitur
807 1733 878 1797 aqui.

263 1810 313 1873 465
326 1808 398 1859 Unde
409 1820 490 1872 petam
502 1805 581 1856 causas
593 1806 680 1855 horum
692 1837 699 1863 ,
712 1820 851 1871 moremque
862 1802 1008 1858 sacrorum?

295 1878 297 1888 ¹
321 1882 325 1887 “
362 1880 459 1948 Dirigat
471 1880 495 1929 in
508 1879 587 1929 medio
598 1879 651 1945 quir
664 1895 718 1928 mea
729 1880 785 1928 vela
795 1877 860 1927 sreto
871 1875 895 1926 ἓ·

303 1948 305 1954 ’
327 1954 379 2022 Ipsa
389 1968 461 2005 mone
474 1987 481 2012 ,
499 1970 552 2020 quae
562 1969 651 2002 nomen
660 1953 735 2003 habes
745 1969 759 2001 a
770 1952 874 2002 carmine
885 1950 1002 2011 dustum,

364 2027 540 2095 Propositoque
553 2026 628 2085 save,
644 2044 676 2076 ne
686 2039 742 2077 tuus
755 2039 822 2077 erret
830 2027 920 2077 honos.

328 2102 391 2152 Orta
402 2103 468 2168 prior
478 2100 545 2152 Luni
556 2133 564 2157 ‚
582 2100 612 2149 de
623 2100 647 2148 se
660 2101 680 2149 si
691 2101 797 2150 creditur
807 2100 870 2164 ipsi,

264 2192 318 2240 470
365 2174 388 2223 A
399 2190 485 2241 magno
500 2171 777 2221 tellus‘Arcadenomen
787 2173 870 2221 habet.

328 2246 376 2297 Hic
386 2246 431 2297 suit
442 2246 571 2297 Evander:
584 2245 641 2310 qui,
653 2260 794 2309 quamquam
805 2243 883 2291 clarus
894 2252 1008 2309 utroque
1020 2280 1031 2305 ,

272 2339 277 2345 ·
363 2321 476 2370 Nobilior
486 2321 556 2369 sacrae
568 2317 680 2384 sanguine
691 2316 771 2366 matris
782 2326 844 2363 erat.

327 2392 409 2459 Quae,
424 2393 493 2442 simul
503 2391 626 2441 ethereor
635 2390 715 2437 animo
731 2397 878 2451 conceperat
891 2385 987 2451 ignes,

365 2466 418 2515 Ore
432 2466 502 2513 dabat
511 2478 572 2512 vero
586 2462 689 2511 carmina
699 2462 769 2525 plena
780 2459 840 2509 Dei.

265 2556 316 2606 475
329 2539 433 2589 Dixerat
443 2537 494 2585 haec
508 2548 565 2585 nato
577 2548 657 2584 motus
669 2533 752 2582 instare
765 2566 772 2591 ‚
785 2533 878 2597 sibique
891 2563 900 2590 ,

363 2610 492 2675 Multaque
502 2621 622 2673 praeterea
633 2619 761 2671 ttempore
773 2605 842 2655 natta
850 2602 939 2654 fidem.

326 2686 388 2735 Nam
400 2682 513 2749 juvenis,
530 2680 587 2731 veri
602 2680 699 2729 nimium
713 2696 766 2728 cum
778 2691 854 2728 matre
868 2678 976 2746 fugatus
989 2712 1003 2740 ,

314 2797 320 2811 t
363 2757 461 2807 Deserit
472 2754 599 2805 Arcadiam
610 2752 805 2817 Parrhasiumque
819 2754 906 2802 larem.

327 2829 374 2881 Cui
385 2828 488 2897 genitrix
500 2826 584 2885 flenti,
604 2827 710 2876 fortuna
721 2826 839 2883 viriliter,
854 2825 938 2893 inquit
953 2858 963 2883 ‚

264 2893 328 2969 480=
365 2902 461 2969 (Siste,
478 2918 554 2968 puer,
571 2902 689 2968 lacrymas
700 2899 710 2963 )
722 2898 763 2949 issa
773 2900 870 2949 serenda
879 2901 929 2948 ribi
942 2898 995 2948 est.

323 2978 365 3028 Sic
378 2988 429 3025 erat
440 2976 464 3024 in
475 2975 529 3025 satis
542 2991 548 3025 :
561 2987 642 3024 necte
654 2986 696 3023 rua
707 2974 778 3039 culpa
792 2973 905 3040 fugavit,

360 3049 409 3101 Sed
419 3048 488 3101 Deus
502 3064 509 3099 t
522 3047 632 3111 offenso,
648 3046 729 3116 pulsus
742 3065 769 3101 ea
783 3049 861 3105 urbe,
878 3044 963 3097 Deo.
