2367 3942
320 439 396 513 342
433 418 474 485 P.
501 417 695 489 O'rrnrt
721 419 984 488 Nasonis&

320 538 411 590 Fertile
426 538 510 605 petius
523 538 620 595 habes,
638 538 750 604 interque
766 536 889 587 Helicona
904 539 1019 589 colenter

357 612 463 663 Uberius
481 612 541 663 nulli
556 611 672 679 provenit
687 610 729 661 ida
745 609 824 677 leges.

322 684 426 736 Mittere
439 702 536 736 carmen
546 685 650 735 adhunc
661 718 670 743 ,
686 684 786 735 frondes
797 694 849 733 erat
858 683 951 735 addere
962 685 1033 736 silvis·

358 758 421 809 Haec
438 759 495 809 mihi
510 758 638 809 enodandi
650 757 740 815 causa,
757 756 872 814 Severe,
888 756 944 807 luit.

283 847 294 883 ι
302 847 313 896 5
327 832 382 882 Nec
398 844 480 882 tamen
494 831 617 900 ingenium
632 830 703 881 nobis
716 829 868 895 respondet,
884 841 915 880 ut
929 842 1009 881 antea

361 904 411 954 Sed
426 906 517 955 siecum
534 904 607 955 sterili
621 920 723 953 vomere
736 903 794 952 lions
809 918 863 951 ato.

325 977 426 1033 Scilicet
441 990 468 1029 ut
484 979 554 1029 limus
570 994 647 1028 venas
659 988 772 1027 excecat
786 976 812 1024 in
828 975 925 1035 undis,

361 1050 475 1118 Laesaque
490 1050 613 1119 supprelio
627 1052 697 1101 fonte
713 1047 800 1099 resiliit
813 1065 877 1115 aqua
894 1065 905 1106 ;

325 1122 427 1175 Peliora
443 1125 480 1175 sic
496 1142 548 1175 mea
564 1124 620 1175 lunt
635 1125 693 1173 lino
706 1123 792 1173 vitiata
806 1123 951 1181 malorum,

281 1210 316 1248 ιο
364 1196 396 1246 Et
413 1214 511 1248 carmen
525 1198 589 1250 veni
604 1197 749 1265 pauperiore
763 1194 828 1245 fluit.

325 1269 352 1319 si
369 1271 421 1336 quis
437 1271 462 1321 in
477 1272 523 1321 hac
539 1270 616 1337 ipsum
630 1269 698 1321 terni
710 1267 824 1335 poluiffet
838 1266 998 1327 Homerum,

362 1343 445 1400 Ellet,
467 1345 540 1396 crede
554 1345 632 1402 mihi,
649 1342 726 1393 fastus
740 1341 767 1393 dt
781 1341 823 1391 ille
838 1340 931 1392 Getes.

326 1415 367 1465 Da
382 1418 477 1467 veniam
491 1416 548 1468 laiso
563 1433 570 1467 r
584 1416 667 1467 studiis
677 1430 776 1482 quoque
791 1414 861 1464 irena
876 1414 981 1473 renni,

361 1490 469 1540 Ducitur
485 1489 512 1540 dt
528 1490 611 1559 digitis
624 1490 695 1540 litera
710 1505 765 1539 rara
779 1486 851 1537 meis.

284 1576 316 1625 25
330 1562 438 1627 Impetus
449 1564 492 1613 ille
506 1564 592 1621 sacer,
610 1564 653 1628 qui
666 1573 750 1611 vatum
763 1559 862 1626 pectora
878 1560 979 1618 nutrit,

365 1634 417 1699 Qui
432 1634 498 1703 priris
515 1637 540 1685 in
557 1636 627 1687 nobis
642 1634 690 1685 effe
707 1635 820 1692 solebat,
836 1633 912 1684 abest.

327 1708 378 1762 Vix
394 1710 463 1759 venit
478 1710 509 1759 ad
525 1722 626 1775 partes,
644 1708 687 1757 vix
702 1707 786 1757 sumta
799 1706 873 1757 Musa
888 1707 987 1757 tabellae

364 1782 471 1846 imponit
486 1783 565 1849 pigras
581 1796 652 1847 paene
668 1780 751 1830 coa&
766 1796 861 1831 influus.

329 1850 472 1921 Parvaque,
490 1868 522 1903 ne
539 1854 616 1903 dicam
631 1853 749 1903 scribendi
764 1854 981 1918 nulla,·voluptas
1054 1911 1058 1919 .

285 1938 319 1990 30
368 1924 407 1976 Eli
422 1927 479 1977 mibi
490 1943 497 1976 :
509 1944 555 1978 nec
571 1926 677 1979 numeris
693 1926 791 1977 nellere
806 1927 883 1976 verba
898 1924 980 1992 juvat.

330 1999 387 2049 Sive
405 2002 471 2067 quod
486 2002 542 2052 hinc
559 2001 649 2052 fruetus
663 1998 726 2051 aded
740 2017 790 2053 non
806 2000 914 2067 cepimus
932 2001 1017 2056 ullos,

366 2072 512 2141 Principium
528 2074 602 2125 nostri
617 2091 656 2125 res
672 2073 704 2124 sit
722 2072 802 2123 utilia
819 2070 897 2121 mali:

330 2146 388 2196 Sive
404 2149 471 2213 quod
488 2148 513 2197 in
527 2149 635 2201 tenebris
646 2146 788 2207 numerosos
802 2158 896 2215 poqqre
913 2144 1023 2212 mellus,

368 2218 492 2289 Quodque
502 2223 568 2289 legas
579 2222 639 2270 nulli
650 2253 658 2278 ,
677 2220 781 2270 scribere
792 2236 909 2277 carmen,
923 2218 989 2269 idem
1000 2216 1039 2266 est.

287 2302 300 2355 3
307 2305 319 2353 5
334 2290 432 2343 Excitat
448 2294 543 2345 auditor
556 2294 656 2344 studium
668 2294 832 2359 :laudatique
846 2292 925 2343 virtus

369 2364 484 2425 Crescit3
504 2368 530 2418 dt
546 2362 685 2417 immensum
701 2366 778 2433 gloria
793 2367 871 2415 calcar
886 2365 973 2414 habet.

329 2434 378 2487 Hic
392 2454 445 2488 mea
462 2438 501 2489 cui
516 2440 640 2497 recitem,
653 2439 699 2489 uisi
715 2440 783 2489 flavit
798 2437 886 2503 scripta
900 2437 1026 2495 Corallis,

367 2509 484 2577 Quasque
500 2512 559 2561 alias
574 2526 660 2579 gentes
676 2513 790 2561 barbarus
807 2510 867 2561 lller
881 2508 981 2560 haber?

331 2581 380 2633 Sed
394 2584 451 2649 quid
467 2584 531 2634 solus
545 2583 637 2653 agam?
651 2583 745 2651 quique
761 2583 867 2635 infelicia
882 2584 983 2650 perdam

286 2666 321 2715 qo
370 2655 429 2705 Oria
445 2658 562 2717 materii,
581 2658 752 2725 surripiamque
767 2654 854 2707 diem?
1080 2707 1081 2726 ,

297 2738 304 2769 t
330 2729 393 2778 Nam
411 2730 466 2797 quia
480 2748 526 2781 nec
542 2732 643 2790 vinum,
662 2748 708 2781 nee
723 2748 762 2780 me
777 2741 847 2779 tenet
862 2731 915 2802 alep
932 2730 1025 2787 fallax,¹
1080 2743 1081 2760 ¹

369 2800 417 2852 Per
431 2822 484 2870 quae
501 2807 562 2855 clam
578 2806 679 2854 tacitum
693 2816 789 2869 tempus
804 2803 870 2853 abire
887 2804 970 2861 solet3

332 2875 386 2924 Nec
397 2892 450 2936 me,
465 2878 529 2943 quod
540 2894 670 2943 cuperem,
682 2876 703 2925 si
712 2892 757 2943 per
765 2876 817 2924 fera
827 2876 892 2926 bella
902 2878 1009 2934 licant,
1022 2891 1026 2902 ¹

369 2948 484 3001 Oblel'tat
501 2952 566 3001 cultu
582 2962 649 3001 terra
667 2962 755 2999 novara
770 2949 824 3000 luo.

287 3030 320 3079 45
335 3019 422 3083 Quid,
440 3022 485 3073 nisi
501 3022 629 3082 Pi'e'rides,
648 3015 735 3073 solatii
748 3022 852 3089 frigida,
871 3022 980 3080 rellant,
1010 3028 1026 3084 f

367 3094 425 3145 Non
439 3096 501 3145 bene
516 3096 545 3147 de
560 3097 631 3149 nobis
648 3113 702 3163 qun
718 3112 848 3159 meruere,
863 3093 954 3145 Deae
980 3135 987 3141 .
