2367 3942
194 438 200 486 1
268 437 581 503 Fasaonvm
609 432 723 502 Lta.
748 437 818 505 IV.
849 457 921 531 105

205 557 272 611 Exta
287 557 357 606 bovis
373 555 461 604 dantur
476 552 581 620 gravidae
594 567 603 601 t
617 551 713 601 felicior
728 568 805 603 annus
822 618 825 621 ῃ

246 630 386 686 Provenit‚
406 629 432 678 δι
449 627 550 676 frustum
565 637 630 675 terra
645 640 768 691 pecusque
784 627 875 677 serunt.

206 705 281 755 Hanc
296 702 417 767 quondam
432 699 554 767 Cytherea
570 699 633 747 diem
644 698 813 764 properantius
829 701 865 749 ire

245 776 344 832 lussit,
360 774 387 824 &
402 773 517 822 aetherios
533 772 692 837 precipitavit
704 787 780 837 equos
792 788 801 831 ;

208 852 247 901 Ut
263 850 363 899 titulum
375 845 468 911 imperii
483 848 553 911 qusm
568 842 669 911 primum
684 846 739 895 luce
752 845 862 911 sequenti
928 845 979 913 675

247 920 358 987 Augusto
374 918 456 984 juveni
470 918 583 983 prospera
596 918 659 967 bella
673 916 765 967 darent.
782 936 785 945 ·

207 995 288 1046 SED
304 992 351 1059 jam
366 992 498 1057 praetetitas
512 1002 610 1057 quartus
625 990 668 1040 tibi
679 990 778 1041 Lucifer
792 992 849 1044 Idus

247 1066 375 1131 Respicit:
388 1066 431 1115 hac
445 1065 547 1133 Hyades
562 1063 657 1113 Dorida
672 1064 743 1113 noste
759 1077 855 1130 petunt.

209 1138 368 1191 TERTIA
380 1138 432 1203 post
446 1138 545 1205 Hyadas
556 1135 609 1186 crim
624 1139 666 1187 lux
680 1137 727 1187 erit
739 1150 793 1188 otta
809 1152 935 1200 remotas,

249 1213 357 1263 Carccre
372 1211 476 1277 partitos
490 1211 575 1260 Circus
589 1211 689 1260 habebit
704 1227 791 1277 equos.
931 1215 985 1266 680

211 1287 263 1336 Cur
276 1287 350 1353 igitur
365 1284 436 1336 missae
450 1284 536 1333 vinstis
551 1283 659 1333 ardentia
675 1285 745 1335 taedis

246 1358 329 1425 Terga
343 1359 423 1409 lerant
434 1358 546 1422 vulpes,
564 1356 640 1407 causa
649 1356 759 1407 docenda
772 1358 840 1411 mihi.

210 1430 313 1499 Frigida
324 1431 452 1488 Carseoli,
470 1446 516 1478 nec
530 1429 601 1479 olivis
618 1441 673 1495 apta
689 1430 793 1480 serendis
807 1466 814 1489 ,

248 1507 346 1561 Terra,
364 1504 405 1553 sed
420 1504 450 1551 ad
465 1501 560 1569 segetes
575 1502 712 1569 ingeniosus
728 1520 794 1569 ager.

211 1578 266 1627 Hic
282 1594 330 1645 ego
343 1576 478 1643 Pelignos‚
495 1574 583 1623 natalia
597 1591 670 1633 rura,
688 1577 798 1639 petebam
812 1593 822 1635 ;
932 1578 964 1631 68
970 1594 982 1645 5
1075 1606 1080 1611 -

249 1652 342 1708 Parva,
360 1649 403 1699 sed
417 1648 518 1698 assiduis
533 1647 606 1697 uvida
620 1648 713 1714 semper
729 1650 804 1715 aquis.

212 1725 322 1791 Hospitis
335 1723 428 1789 antiqui
443 1722 524 1772 solitas
537 1720 675 1771 intravimus
689 1721 754 1771 aedes
768 1740 776 1780 3

190 1818 194 1822 ·
249 1797 378 1847 Demserat
396 1794 503 1845 emeritis
515 1794 564 1862 jam
576 1793 634 1862 juga
650 1794 755 1846 Phoebus
772 1796 848 1863 equis.

213 1872 238 1920 ls
252 1871 309 1920 mihi
320 1871 394 1919 multa
409 1869 504 1935 quidem
516 1901 524 1926 ‚
542 1869 582 1917 sed
595 1868 621 1917 δι
632 1868 704 1927 haec,
721 1884 817 1921 narrare
828 1871 940 1931 solebat,

248 1942 321 1993 Unde
338 1959 417 1993 meum
433 1942 536 2009 psaesens
551 1940 707 1991 instrueretur
723 1959 793 2007 opus.
932 1946 985 2010 690

213 2017 290 2074 Hoc,
306 2016 361 2075 ait,
376 2016 404 2064 in
419 2031 522 2079 campo,
542 2030 697 2081 campumque
709 2014 831 2075 ostendit,
845 2018 949 2069 babebat

251 2090 300 2139 Rus
315 2090 391 2139 breve
406 2104 461 2136 cum
477 2088 538 2153 duro
552 2102 625 2151 parca
640 2088 727 2136 colona
742 2090 806 2137 viro.

213 2164 258 2212 Ille
275 2162 488 2227 suam-peragebat
502 2160 621 2215 humum
638 2159 691 2209 sive
707 2160 761 2210 usus
775 2162 867 2222 aratri,

249 2236 306 2285 Sive
323 2224 390 2285 cavae
406 2233 491 2291 salcis,
511 2232 564 2282 sive
577 2231 681 2281 bidentis
699 2246 758 2283 erat.
798 2266 803 2279 .

215 2308 275 2359 llaec
292 2306 367 2357 modb
382 2308 495 2357 verrebat
511 2305 610 2355 stantem
625 2305 723 2356 tibicine
739 2308 839 2368 villam3
931 2313 982 2379 695

251 2383 322 2430 Nunc
338 2379 419 2430 matris
435 2379 523 2445 plumis
538 2395 586 2428 ova
601 2378 707 2429 fovenda
723 2380 803 2429 dabat.
860 2416 863 2426 .

214 2454 265 2505 Aut
278 2454 369 2504 virides
383 2453 493 2509 malvas,
509 2464 551 2503 aut
564 2451 653 2518 fungos
668 2452 761 2519 colligit
775 2456 863 2515 albos;

250 2527 301 2575 Aut
316 2526 431 2577 humilem
446 2538 515 2592 grato
530 2525 626 2575 calfacit
640 2526 696 2592 igne
712 2526 808 2579 socums

215 2600 248 2650 Et
261 2614 343 2649 tamen
358 2599 457 2648 assiduis
474 2610 575 2649 exercet
589 2599 686 2647 brachia
701 2601 777 2659 telis,

251 2672 434 2739 Adversumque
449 2671 524 2721 minas
538 2671 637 2737 frigoris
654 2688 716 2723 arma
731 2686 819 2738 parato
934 2688 986 2739 700

216 2745 291 2797 filius
307 2744 379 2810 hujus
395 2756 448 2794 erat
463 2745 541 2809 primo
556 2744 656 2793 lascivus
672 2744 697 2794 in
712 2763 787 2805 aevo;
903 2744 905 2749 ’

251 2818 434 2883 Addideratque
449 2833 524 2866 annos
539 2817 568 2865 ad
583 2816 632 2866 duo
648 2817 716 2867 lustra
733 2818 805 2871 duos.

215 2892 240 2941 Is
257 2891 323 2955 capit
339 2890 441 2939 extremi
455 2891 552 2955 vulpem
568 2890 610 2939 sub
624 2892 689 2940 valle
703 2891 792 2949 salislis

253 2963 391 3013 Abstulerat
406 2964 492 3012 multas
508 2964 549 3011 illa
564 2963 672 3012 cohortis
688 2978 755 3013 aves.

217 3036 346 3101 Captivam
362 3034 444 3101 stipuls
458 3034 573 3100 saeuoque
588 3035 709 3093 involvit.
729 3035 753 3084 dt
771 3035 840 3101 ignes
936 3054 987 3103 705

252 3109 397 3161 Admovet:
410 3119 506 3161 urentes
522 3106 608 3177 effugit
624 3106 664 3159 iila
679 3122 772 3159 manus.

833 3178 882 3228 liv
