2367 3942
268 429 577 495 Fastorum
603 424 706 491 ΜΒ.
734 426 802 491 IV.
852 416 904 517 99

192 546 306 599 Attonita
316 544 349 595 est
357 546 473 611 plangore
483 543 561 594 Ceres
569 561 578 602 ς
587 542 661 595 modb
671 558 771 595 venerat
780 546 901 597 Hennam.
913 561 929 607 4
935 560 965 609 55

229 621 285 669 Nec
296 634 383 667 mora:
397 619 441 667 Me
455 618 562 667 miseram
576 618 583 667 !
597 616 665 675 filia,
683 618 764 674 dixit,
783 620 823 669 ubi
835 636 862 669 es
875 620 885 669 i

192 693 287 745 Mentis
302 692 373 756 inops
386 691 477 755 rapitur
490 706 497 741 r
511 690 594 757 quale's
611 692 692 741 audire
709 692 811 741 solemus

229 764 362 819 Threicias
376 765 450 830 passis
465 764 589 814 Maenadas
606 764 641 814 ire
658 765 742 815 comis.

193 840 229 889 Ut
242 839 325 888 vitulo
342 837 417 903 mugit
433 838 471 886 sua
487 850 564 887 mater
579 839 609 887 ab
624 839 699 888 ubere
714 849 804 904 rapto,
886 844 888 849 '

229 912 263 961 Et
278 911 363 977 quaerit
379 912 442 960 setus
456 928 500 975 per
514 926 599 960 nemus
616 926 687 961 omne
703 911 776 970 suess
915 912 968 975 460

192 988 233 1035 Sic
251 985 309 1034 Dea
320 1000 329 1035 z
340 1000 387 1033 nec
401 985 490 1035 retinet
505 985 630 1052 gemitus,
651 985 676 1034 dt
691 986 786 1035 concita
802 985 872 1035 cursu

228 1058 339 1115 Fertur3
356 1058 381 1107 δι
398 1074 412 1107 e
427 1057 516 1123 campis
532 1057 636 1122 incipit,
654 1056 760 1116 Henna,
778 1058 835 1109 tuis.

193 1132 253 1182 lnde
267 1130 383 1197 puellaris
400 1131 466 1180 nasta
481 1130 516 1180 est
532 1130 630 1197 vestigia
647 1132 752 1195 plantae,

229 1204 262 1253 Et
275 1202 374 1271 pressam
388 1217 448 1253 noto
461 1204 570 1271 pondere
585 1204 646 1254 vidit
659 1204 768 1255 humum.

194 1278 305 1328 Forsitan
320 1278 359 1327 illa
373 1278 423 1327 dies
439 1278 517 1327 errori
534 1277 623 1329 summa
636 1276 734 1333 suisset,
915 1276 967 1340 465

231 1350 257 1399 Si
272 1367 321 1400 non
334 1350 466 1400 turbassent
479 1351 548 1417 signa
562 1363 658 1415 reperta
673 1350 735 1401 sues.

193 1424 296 1489 Jamque
311 1424 446 1473 Leontinos
461 1422 633 1488 Amenanaque
648 1423 743 1471 llrnnina
759 1421 829 1471 cursu

231 1494 359 1556 Praeterit,
379 1497 407 1547 dt
420 1497 485 1561 ripas
498 1528 505 1553 ,
518 1496 626 1544 herbifer
642 1495 706 1553 Aci,
723 1506 776 1543 tuas
788 1511 797 1551 ;

194 1568 307 1619 Praeterit
323 1571 348 1621 dt
363 1570 486 1636 Cyanen,
506 1569 532 1618 dt
545 1568 638 1617 sontem
651 1567 710 1617 lenis
725 1565 825 1632 Anapi;

231 1644 264 1692 Et
280 1657 325 1701 te,
340 1642 477 1703 vorticibus
491 1658 541 1690 non
557 1640 666 1691 adeunde
685 1641 757 1693 Gela.
916 1653 969 1705 470

192 1715 309 1782 Liquerat
321 1714 467 1783 Ortygien,
485 1714 668 1782 Megareaque,
687 1714 867 1782 Pantagienque
879 1745 889 1768 ,

231 1789 337 1855 Quasque
353 1790 487 1839 Simethsas
500 1789 589 1855 accipit
606 1806 689 1855 aequor
704 1804 795 1854 aquas,

193 1863 319 1928 Antraque
335 1862 490 1929 Cyelopum,
507 1862 593 1927 positis
611 1861 691 1910 exusta
709 1862 828 1920 caminis,

230 1934 330 2001 Quique
344 1937 414 1985 loeus
430 1951 512 1983 curere
526 1935 622 1983 nomina
637 1934 703 1983 salcis
722 1933 816 1990 habet;

137 2038 143 2053 ι
194 2009 355 2073 Himeraque,
364 2006 950 2072 btDidymen,hcra'gantaqueffauromenonque
959 2024 967 2063 3

229 2082 413 2143 sacrorumque
427 2078 512 2126 Melan
527 2078 615 2143 pascua
631 2079 685 2126 laeta
701 2079 783 2126 boum.
914 2080 967 2141 476

193 2155 260 2204 Hine
271 2152 420 2204 Camerinan
430 2150 497 2210 adit,
509 2150 672 2217 Thapsonque
683 2150 709 2201 ὅ(
720 2150 820 2200 Heloria
830 2162 910 2218 tempe
921 2170 930 2209 3
956 2144 960 2159 ⁸

231 2228 339 2293 Quasque
353 2238 421 2293 patet
437 2224 551 2291 Zephyro
567 2224 661 2289 semper
674 2236 771 2290 apertus
785 2224 859 2291 Eryx.

193 2300 295 2366 Jamque
311 2298 479 2357 Peloriaden,
497 2298 664 2365 Lilybdaque,
684 2296 779 2363 jamque
792 2296 914 2347 Pachinon

232 2372 373 2432 Lulirirat,
391 2385 462 2422 terrae
480 2388 571 2421 cornua
587 2372 650 2419 trina
668 2370 724 2420 suae.
915 2372 969 2431 480

195 2446 358 2513 Quicumque
373 2445 528 2512 ingreditur,
547 2444 638 2493 miseris
654 2444 708 2493 loca
724 2442 808 2492 euntia
822 2445 926 2509 querelis

233 2521 344 2585 Implet;
361 2530 390 2568 ut
406 2518 510 2568 amissum
523 2516 578 2567 etim
595 2516 670 2585 gemit
685 2518 735 2567 ales
750 2518 816 2584 ltyn.

196 2590 295 2658 Perque
305 2592 372 2642 vices
384 2625 392 2649 ,
402 2590 492 2650 modd,
503 2591 673 2657 Persephone,
684 2589 774 2649 modb,
786 2589 862 2645 Filia,
875 2590 972 2639 clamat.

236 2664 351 2722 Clamat,
368 2666 506 2715 &alternis
522 2680 611 2714 nomen
625 2676 752 2729 utrumque
768 2662 826 2713 ciet.

193 2739 248 2791 sed
257 2736 497 2805 nequel’ersephona
506 2736 638 2793 Cererem,
650 2754 728 2803 neque
739 2736 787 2788 filia
797 2749 898 2787 matrem
916 2736 968 2795 485
1006 2754 1008 2759 ·

235 2811 329 2861 Audit:
344 2811 369 2861 ὅ(
384 2812 482 2861 alternis
497 2828 587 2861 nomen
603 2822 730 2877 utrumque
743 2809 816 2875 perit.

197 2887 323 2951 Unaque,
341 2883 456 2949 passorem
472 2883 565 2934 vidisset
579 2901 610 2933 an
625 2900 681 2933 arva
696 2885 838 2940 colentem,

235 2960 296 3010 Vox
311 2969 383 3014 erat,
402 2956 455 3007 llrlc
470 2956 559 3025 greffus
573 2972 650 3023 ecqua
663 2957 743 3022 puella
757 2953 834 3003 tulit?

200 3031 254 3085 Jam
269 3033 341 3081 color
354 3046 417 3079 unus
433 3031 490 3079 inell
504 3032 598 3088 rebus,
614 3028 769 3092 tenebrisque
785 3038 900 3095 teguntur

237 3104 348 3157 Ouanias
360 3102 409 3172 jam
422 3103 507 3173 vigiles
521 3102 663 3155 conticuere
677 3115 758 3151 canes.
816 3170 836 3219 E
850 3168 863 3182 ..

630 3184 633 3191 ,
794 3228 796 3231 Ι
849 3188 864 3235 ¹¹
